% This file was created with JabRef 2.10.
% Encoding: UTF-8


@article{GT88,
  title={A new approach to the maximum flow problem},
  author={Andrew V. Goldberg and Robert E. Tarjan},
  journal={Journal of the ACM, 35:921-940},
  year={1988}
}


@article{KST90,
  title={Leighton-Rao might be practical: Faster approximation algorithms for concurrent flow with uniform capacities},
  author={Philip N. Klein, Clifford Stein, and Eva Tardos},
  journal={In Proceedings of the 22 ACM Symposium on Theory of Computing, pages 310- 321. ACM, ACM Press},
  year={1990}
}


@article{Kar96,
  title={Minimum cuts in near-linear time},
  author={David R. Karger},
  journal={In Proceedings of the 28th A CM Symposium on Theory of Computing. ACM, ACM Press},
  year={1996}
}


@article{Gab95,
  title={A matroid approach to finding edge connectivity and packing arborescences},
  author={Harold N. Gabow},
  journal={Journal of Computer and System Sciences, 50(2):259-273},
  year={1995}
}


@article{NI92b,
  title={Linear time algorithms for finding k-edge connected and k-node connected spanning subgraphs},
  author={Hiroshi Nagamochi and Toshihide Ibaraki},
  journal={Algorithmic, 7:583â€“596},
  year={1992}
}


@article{Kar94a,
  title={Random sampling in cut, flow, and network design problems},
  author={David R. Karger},
  journal={In Proceedings of the 26th ACM Symposium on Theory of Computing, pages 648-657. ACM, ACM Press},
  year={1994}
}

