@inproceedings{batson2009twice,
  title={Twice-ramanujan sparsifiers},
  author={Batson, Joshua D and Spielman, Daniel A and Srivastava, Nikhil},
  booktitle={Proceedings of the forty-first annual ACM symposium on Theory of computing},
  pages={255--262},
  year={2009}
}

@article{srinivasa2020fast,
  title={Fast graph attention networks using effective resistance based graph sparsification},
  author={Srinivasa, Rakshith S and Xiao, Cao and Glass, Lucas and Romberg, Justin and Sun, Jimeng},
  journal={arXiv preprint arXiv:2006.08796},
  year={2020}
}

@article{chew1989there,
  title={There are planar graphs almost as good as the complete graph},
  author={Chew, L Paul},
  journal={Journal of Computer and System Sciences},
  volume={39},
  number={2},
  pages={205--219},
  year={1989},
  publisher={Elsevier}
}

@inproceedings{benczur1996approximating,
  title={Approximating st minimum cuts in {\~O} (n 2) time},
  author={Bencz{\'u}r, Andr{\'a}s A and Karger, David R},
  booktitle={Proceedings of the twenty-eighth annual ACM symposium on Theory of computing},
  pages={47--55},
  year={1996}
}

@inproceedings{spielman2004nearly,
  title={Nearly-linear time algorithms for graph partitioning, graph sparsification, and solving linear systems},
  author={Spielman, Daniel A and Teng, Shang-Hua},
  booktitle={Proceedings of the thirty-sixth annual ACM symposium on Theory of computing},
  pages={81--90},
  year={2004}
}

@article{spielman2011spectral,
  title={Spectral sparsification of graphs},
  author={Spielman, Daniel A and Teng, Shang-Hua},
  journal={SIAM Journal on Computing},
  volume={40},
  number={4},
  pages={981--1025},
  year={2011},
  publisher={SIAM}
}

@article{cheeger1970lower,
  title={A lower bound for the smallest eigenvalue of the Laplacian, Problems in analysis, a symposium in honor of S},
  author={Cheeger, Jeff},
  journal={Bochner, Princeton U. Press, Princeton},
  year={1970}
}

@article{tat2015constructing,
  title={Constructing Linear-Sized Spectral Sparsification in Almost-Linear Time},
  author={Tat Lee, Yin and Sun, He},
  journal={arXiv e-prints},
  pages={arXiv--1508},
  year={2015}
}

@inproceedings{lee2017sdp,
  title={An sdp-based algorithm for linear-sized spectral sparsification},
  author={Lee, Yin Tat and Sun, He},
  booktitle={Proceedings of the 49th annual acm sigact symposium on theory of computing},
  pages={678--687},
  year={2017}
}

@inproceedings{spielman2008graph,
  title={Graph sparsification by effective resistances},
  author={Spielman, Daniel A and Srivastava, Nikhil},
  booktitle={Proceedings of the fortieth annual ACM symposium on Theory of computing},
  pages={563--568},
  year={2008}
}

@article{rudelson1999random,
  title={Random vectors in the isotropic position},
  author={Rudelson, Mark},
  journal={Journal of Functional Analysis},
  volume={164},
  number={1},
  pages={60--72},
  year={1999},
  publisher={Elsevier}
}


@article{dette1995some,
  title={Some new asymptotic properties for the zeros of Jacobi, Laguerre, and Hermite polynomials},
  author={Dette, Holger and Studden, William J},
  journal={Constructive Approximation},
  volume={11},
  number={2},
  pages={227--238},
  year={1995},
  publisher={Springer}
}

@inproceedings{li2020sgcn,
  title={Sgcn: A graph sparsifier based on graph convolutional networks},
  author={Li, Jiayu and Zhang, Tianyun and Tian, Hao and Jin, Shengmin and Fardad, Makan and Zafarani, Reza},
  booktitle={Pacific-Asia Conference on Knowledge Discovery and Data Mining},
  pages={275--287},
  year={2020},
  organization={Springer}
}