@inproceedings{sarlos2006improved,
  title={Improved approximation algorithms for large matrices via random projections},
  author={Sarlos, Tamas},
  booktitle={2006 47th annual IEEE symposium on foundations of computer science (FOCS'06)},
  pages={143--152},
  year={2006},
  organization={IEEE}
}

@inproceedings{nelson2013osnap,
  title={OSNAP: Faster numerical linear algebra algorithms via sparser subspace embeddings},
  author={Nelson, Jelani and Nguy{\^e}n, Huy L},
  booktitle={2013 ieee 54th annual symposium on foundations of computer science},
  pages={117--126},
  year={2013},
  organization={IEEE}
}

@inproceedings{cohen2016nearly,
  title={Nearly tight oblivious subspace embeddings by trace inequalities},
  author={Cohen, Michael B},
  booktitle={Proceedings of the twenty-seventh annual ACM-SIAM symposium on Discrete algorithms},
  pages={278--287},
  year={2016},
  organization={SIAM}
}

@article{DBLP:journals/corr/Woodruff14,
  author    = {David P. Woodruff},
  title     = {Sketching as a Tool for Numerical Linear Algebra},
  journal   = {CoRR},
  volume    = {abs/1411.4357},
  year      = {2014},
  url       = {http://arxiv.org/abs/1411.4357},
  eprinttype = {arXiv},
  eprint    = {1411.4357},
  timestamp = {Mon, 13 Aug 2018 16:47:06 +0200},
  biburl    = {https://dblp.org/rec/journals/corr/Woodruff14.bib},
  bibsource = {dblp computer science bibliography, https://dblp.org}
}