@article{Johnson77,
  author    = {Donald B. Johnson},
  title     = {Efficient Algorithms for Shortest Paths in Sparse Networks},
  journal   = {J. {ACM}},
  volume    = {24},
  number    = {1},
  pages     = {1--13},
  year      = {1977},
  url       = {https://doi.org/10.1145/321992.321993},
  doi       = {10.1145/321992.321993},
  timestamp = {Tue, 18 May 2021 14:56:33 +0200},
  biburl    = {https://dblp.org/rec/journals/jacm/Johnson77.bib},
  bibsource = {dblp computer science bibliography, https://dblp.org}
}

@inproceedings{BernsteinGW20,
  author    = {Aaron Bernstein and
               Maximilian {Probst Gutenberg} and
               Christian Wulff{-}Nilsen},
  editor    = {Sandy Irani},
  title     = {Near-Optimal Decremental {SSSP} in Dense Weighted Digraphs},
  booktitle = {61st {IEEE} Annual Symposium on Foundations of Computer Science, {FOCS}
               2020, Durham, NC, USA, November 16-19, 2020},
  pages     = {1112--1122},
  publisher = {{IEEE}},
  year      = {2020},
  url       = {https://doi.org/10.1109/FOCS46700.2020.00107},
  doi       = {10.1109/FOCS46700.2020.00107},
  timestamp = {Wed, 15 Dec 2021 10:49:16 +0100},
  biburl    = {https://dblp.org/rec/conf/focs/BernsteinGW20.bib},
  bibsource = {dblp computer science bibliography, https://dblp.org}
}
@article{bernstein2022negative,
  title={Negative-Weight Single-Source Shortest Paths in Almost-linear Time},
  author={Bernstein, Aaron and Nanongkai, Danupon and Wulff-Nilsen, Christian},
  journal={arXiv preprint arXiv:2203.03456},
  year={2022}
}
@article{ThorupZ05,
  author    = {Mikkel Thorup and
               Uri Zwick},
  title     = {Approximate distance oracles},
  journal   = {J. {ACM}},
  volume    = {52},
  number    = {1},
  pages     = {1--24},
  year      = {2005}
}
@misc{LDD,
  title = {Notes on Low Diameter Decomposition},
  author = {Nanongkai, Danupon},
  year      = {2022},
  note = {Available at \url{https://hackmd.io/@U0nm1XUhREKPYLt1eUmE6g/Sycpovkiq}, version 1.6.0}
}