@article{sachs2005causal,
  title={Causal protein-signaling networks derived from multiparameter single-cell data},
  author={Sachs, Karen and Perez, Omar and Pe'er, Dana and Lauffenburger, Douglas A and Nolan, Garry P},
  journal={Science},
  volume={308},
  number={5721},
  pages={523--529},
  year={2005},
  publisher={American Association for the Advancement of Science}
}

@inproceedings{zheng2018dags,
  title={DAGs with NO TEARS: Continuous Optimization for Structure Learning},
  author={Zheng, Xun and Aragam, Bryon and Ravikumar, Pradeep and Xing, Eric P},
  booktitle={NeurIPS},
  year={2018}
}

@inproceedings{heckerman1994combination,
  title={The combination of knowledge and statistical data},
  author={Heckerman, D},
  booktitle={Proceedings of the Tenth Conference on Uncertainty if Artificial Intelligence, Los Altos, 1994},
  year={1994},
  organization={Morgan Kaufman}
}


@article{tibshirani1996regression,
  title={Regression shrinkage and selection via the lasso},
  author={Tibshirani, Robert},
  journal={Journal of the Royal Statistical Society: Series B (Methodological)},
  volume={58},
  number={1},
  pages={267--288},
  year={1996},
  publisher={Wiley Online Library}
}


@article{zhou2009thresholding,
  title={Thresholding procedures for high dimensional variable selection and statistical estimation},
  author={Zhou, Shuheng},
  journal={Advances in Neural Information Processing Systems},
  volume={22},
  year={2009}
}