

%%%%%%%%%% %%%%%%%%%% %%%%%%%%%% %%%%%%%%%% %%%%%%%%%% %%%%%%%%%% %%%%%%%%%% %%%%%%%%%% %%%%%%%%%% 
%%%%%%%%%% %%%%%%%%%% %%%%%%%%%% %%%%%%%%%% %%%%%%%%%% %%%%%%%%%% %%%%%%%%%% %%%%%%%%%% %%%%%%%%%% 
% Bayesian 

@misc{asuncion2007uci,
  title={{UCI} machine learning repository},
  author={Asuncion, Arthur and Newman, David},
  year={2007}
}

@article{nasrabadi2007pattern,
  title={Pattern recognition and machine learning},
  author={Nasrabadi, Nasser M},
  journal={Journal of electronic imaging},
  volume={16},
  number={4},
  pages={049901},
  year={2007},
  publisher={International Society for Optics and Photonics}
}

@article{mackay1992bayesian,
  title={Bayesian interpolation},
  author={MacKay, David JC},
  journal={Neural computation},
  volume={4},
  number={3},
  pages={415--447},
  year={1992},
  publisher={MIT Press}
}
@article{campbell2019automated,
  title={Automated scalable Bayesian inference via Hilbert coresets},
  author={Campbell, Trevor and Broderick, Tamara},
  journal={The Journal of Machine Learning Research},
  volume={20},
  number={1},
  pages={551--588},
  year={2019},
  publisher={JMLR. org}
}

@article{neal2011mcmc,
  title={{MCMC} using {H}amiltonian dynamics},
  author={Neal, Radford M and others},
  journal={Handbook of Markov Chain Monte Carlo},
  volume={2},
  number={11},
  year={2011},
  publisher={CRC Press New York, NY}
}

@article{ghahramani2015probabilistic,
  title={Probabilistic machine learning and artificial intelligence},
  author={Ghahramani, Zoubin},
  journal={Nature},
  volume={521},
  number={7553},
  pages={452},
  year={2015},
  publisher={Nature Publishing Group}
}

@inproceedings{rasmussen2001occam,
  title={Occam's razor},
  author={Rasmussen, Carl Edward and Ghahramani, Zoubin},
  booktitle={Advances in Neural Information Processing Systems},
  pages={294--300},
  year={2001}
}


@article{eldredge2016analysis,
    title={Analysis and probability on infinite-dimensional spaces},
    author={Eldredge, Nathaniel},
    journal={arXiv preprint arXiv:1607.03591},
    year={2016}
}
@article{russo2016information,
  title={An information-theoretic analysis of thompson sampling},
  author={Russo, Daniel and Van Roy, Benjamin},
  journal={The Journal of Machine Learning Research},
  volume={17},
  number={1},
  pages={2442--2471},
  year={2016},
  publisher={JMLR. org}
}


@inproceedings{wang2017max,
  title={Max-value Entropy Search for Efficient {B}ayesian Optimization},
  author={Wang, Zi and Jegelka, Stefanie},
  booktitle={International Conference on Machine Learning},
  pages={3627--3635},
  year={2017}
}


@article{thompson1933likelihood,
  title={On the likelihood that one unknown probability exceeds another in view of the evidence of two samples},
  author={Thompson, William R},
  journal={Biometrika},
  volume={25},
  number={3/4},
  pages={285--294},
  year={1933},
  publisher={JSTOR}
}

@inproceedings{
    riquelme2018deep,
    title={Deep {B}ayesian Bandits Showdown: An Empirical Comparison of {B}ayesian Deep Networks for Thompson Sampling},
    author={Carlos Riquelme and George Tucker and Jasper Snoek},
    booktitle={International Conference on Learning Representations},
    year={2018}
}


@inproceedings{guo2017calibration,
  title={On Calibration of Modern Neural Networks},
  author={Guo, Chuan and Pleiss, Geoff and Sun, Yu and Weinberger, Kilian Q},
  booktitle={International Conference on Machine Learning},
  pages={1321--1330},
  year={2017}
}

@inproceedings{hernandez2014predictive,
  title={Predictive entropy search for efficient global optimization of black-box functions},
  author={Hern{\'a}ndez-Lobato, Jos{\'e} Miguel and Hoffman, Matthew W and Ghahramani, Zoubin},
  booktitle={Advances in Neural Information Processing Systems},
  pages={918--926},
  year={2014}
}

@article{depeweg2017uncertainty,
  title={Uncertainty decomposition in {B}ayesian neural networks with latent variables},
  author={Depeweg, Stefan and Hern{\'a}ndez-Lobato, Jos{\'e} Miguel and Doshi-Velez, Finale and Udluft, Steffen},
  journal={arXiv preprint arXiv:1706.08495},
  year={2017}
}

@article{shi2019scalable,
  title={Scalable Training of Inference Networks for Gaussian-Process Models},
  author={Shi, Jiaxin and Khan, Mohammad Emtiyaz and Zhu, Jun},
  journal={arXiv preprint arXiv:1905.10969},
  year={2019}
}

@inproceedings{lakshminarayanan2017simple,
  title={Simple and scalable predictive uncertainty estimation using deep ensembles},
  author={Lakshminarayanan, Balaji and Pritzel, Alexander and Blundell, Charles},
  booktitle={Advances in Neural Information Processing Systems},
  pages={6402--6413},
  year={2017}
}

@article{szegedy2013intriguing,
  title={Intriguing properties of neural networks},
  author={Szegedy, Christian and Zaremba, Wojciech and Sutskever, Ilya and Bruna, Joan and Erhan, Dumitru and Goodfellow, Ian and Fergus, Rob},
  journal={arXiv preprint arXiv:1312.6199},
  year={2013}
}

@article{goodfellow2014explaining,
  title={Explaining and harnessing adversarial examples},
  author={Goodfellow, Ian J and Shlens, Jonathon and Szegedy, Christian},
  journal={arXiv preprint arXiv:1412.6572},
  year={2014}
}

@article{bojarski2016end,
  title={End to end learning for self-driving cars},
  author={Bojarski, Mariusz and Del Testa, Davide and Dworakowski, Daniel and Firner, Bernhard and Flepp, Beat and Goyal, Prasoon and Jackel, Lawrence D and Monfort, Mathew and Muller, Urs and Zhang, Jiakai and others},
  journal={arXiv preprint arXiv:1604.07316},
  year={2016}
}

@article{jiang2012calibrating,
  title={Calibrating predictive model estimates to support personalized medicine},
  author={Jiang, Xiaoqian and Osl, Melanie and Kim, Jihoon and Ohno-Machado, Lucila},
  journal={Journal of the American Medical Informatics Association},
  volume={19},
  number={2},
  pages={263--274},
  year={2012}
}

@article{leibig2017leveraging,
  title={Leveraging uncertainty information from deep neural networks for disease detection},
  author={Leibig, Christian and Allken, Vaneeda and Ayhan, Murat Se{\c{c}}kin and Berens, Philipp and Wahl, Siegfried},
  journal={Scientific reports},
  volume={7},
  number={1},
  pages={17816},
  year={2017},
  publisher={Nature Publishing Group}
}

@inproceedings{osband2016risk,
  title={Risk versus uncertainty in deep learning: Bayes, bootstrap and the dangers of dropout},
  author={Osband, Ian},
  booktitle={NIPS Workshop on Bayesian Deep Learning},
  year={2016}
}

@article{yedidia2003understanding,
  title={Understanding belief propagation and its generalizations},
  author={Yedidia, Jonathan S and Freeman, William T and Weiss, Yair},
  journal={Exploring artificial intelligence in the new millennium},
  volume={8},
  pages={236--239},
  year={2003}
}

@article{wainwright2005new,
  title={A new class of upper bounds on the log partition function},
  author={Wainwright, Martin J and Jaakkola, Tommi S and Willsky, Alan S},
  journal={IEEE Transactions on Information Theory},
  volume={51},
  number={7},
  pages={2313--2335},
  year={2005},
  publisher={IEEE}
}

@inproceedings{jebara1999maximum,
  title={Maximum conditional likelihood via bound maximization and the CEM algorithm},
  author={Jebara, Tony and Pentland, Alex},
  booktitle={Advances in neural information processing systems},
  pages={494--500},
  year={1999}
}

@inproceedings{kuleshov2017neural,
  title={Neural variational inference and learning in undirected graphical models},
  author={Kuleshov, Volodymyr and Ermon, Stefano},
  booktitle={Advances in Neural Information Processing Systems},
  pages={6734--6743},
  year={2017}
}

@article{pearl2009causal,
  title={Causal inference in statistics: An overview},
  author={Pearl, Judea and others},
  journal={Statistics surveys},
  volume={3},
  pages={96--146},
  year={2009},
  publisher={The author, under a Creative Commons Attribution License}
}