
%%%%%%%%%% %%%%%%%%%% %%%%%%%%%% %%%%%%%%%% %%%%%%%%%% %%%%%%%%%% %%%%%%%%%% %%%%%%%%%% %%%%%%%%%% 
%%%%%%%%%% %%%%%%%%%% %%%%%%%%%% %%%%%%%%%% %%%%%%%%%% %%%%%%%%%% %%%%%%%%%% %%%%%%%%%% %%%%%%%%%% 
% BNN

@article{mackay1992practical,
  title={A practical {B}ayesian framework for backpropagation networks},
  author={MacKay, David JC},
  journal={Neural Computation},
  volume={4},
  pages={448--472},
  year={1992},
  publisher={MIT Press}
}

@inproceedings{lakshminarayanan2017simple,
  title={Simple and scalable predictive uncertainty estimation using deep ensembles},
  author={Lakshminarayanan, Balaji and Pritzel, Alexander and Blundell, Charles},
  booktitle={Advances in Neural Information Processing Systems},
  pages={6402--6413},
  year={2017}
}


@inproceedings{li2016renyi,
  title={R{\'e}nyi divergence variational inference},
  author={Li, Yingzhen and Turner, Richard E},
  booktitle={Proceedings of the 30th International Conference on Neural Information Processing Systems},
  pages={1081--1089},
  year={2016}
}

@inproceedings{louizos2016structured,
  title={Structured and efficient variational deep learning with matrix {G}aussian posteriors},
  author={Louizos, Christos and Welling, Max},
  booktitle={International Conference on Machine Learning},
  pages={1708--1716},
  year={2016}
}

@inproceedings{hernandez2015probabilistic,
  title={Probabilistic backpropagation for scalable learning of {B}ayesian neural networks},
  author={Hern{\'a}ndez-Lobato, Jos{\'e} Miguel and Adams, Ryan},
  booktitle={International Conference on Machine Learning},
  pages={1861--1869},
  year={2015}
}


@inproceedings{kingma2015variational,
  title={Variational dropout and the local reparameterization trick},
  author={Kingma, Diederik P and Salimans, Tim and Welling, Max},
  booktitle={Advances in Neural Information Processing Systems},
  pages={2575--2583},
  year={2015}
}

@inproceedings{graves2011practical,
  title={Practical variational inference for neural networks},
  author={Graves, Alex},
  booktitle={Advances in Neural Information Processing Systems},
  pages={2348--2356},
  year={2011}
}

@inproceedings{balan2015bayesian,
  title={Bayesian dark knowledge},
  author={Balan, Anoop Korattikara and Rathod, Vivek and Murphy, Kevin P and Welling, Max},
  booktitle={Advances in Neural Information Processing Systems},
  pages={3438--3446},
  year={2015}
}



@inproceedings{hinton1993keeping,
  title={Keeping the neural networks simple by minimizing the description length of the weights},
  author={Hinton, Geoffrey E and Van Camp, Drew},
  booktitle={Conference on Computational Learning Theory},
  pages={5--13},
  year={1993}
}

@inproceedings{blundell2015weight,
  title={Weight Uncertainty in Neural Network},
  author={Blundell, Charles and Cornebise, Julien and Kavukcuoglu, Koray and Wierstra, Daan},
  booktitle={International Conference on Machine Learning},
  pages={1613--1622},
  year={2015}
}


@inproceedings{sun2017learning,
  title={Learning Structured Weight Uncertainty in {B}ayesian Neural Networks},
  author={Sun, Shengyang and Chen, Changyou and Carin, Lawrence},
  booktitle={Artificial Intelligence and Statistics},
  pages={1283--1292},
  year={2017}
}

@inproceedings{louizos2017multiplicative,
  title={Multiplicative Normalizing Flows for Variational {B}ayesian Neural Networks},
  author={Louizos, Christos and Welling, Max},
  booktitle={International Conference on Machine Learning},
  pages={2218--2227},
  year={2017}
}

% variational inference 
@inproceedings{rezende2015variational,
  title={Variational Inference with Normalizing Flows},
  author={Rezende, Danilo and Mohamed, Shakir},
  booktitle={International Conference on Machine Learning},
  pages={1530--1538},
  year={2015}
}



@InProceedings{zhang2017noisy,
    title = 	 {Noisy Natural Gradient as Variational Inference},
    author = 	 {Zhang, Guodong and Sun, Shengyang and Duvenaud, David and Grosse, Roger},
    booktitle = 	 {International Conference on Machine Learning},
    pages = 	 {5852--5861},
    year = 	 {2018}
}

@article{wen2018flipout,
  title={Flipout: Efficient pseudo-independent weight perturbations on mini-batches},
  author={Wen, Yeming and Vicol, Paul and Ba, Jimmy and Tran, Dustin and Grosse, Roger},
  journal={arXiv preprint arXiv:1803.04386},
  year={2018}
}

@article{bae2018eigenvalue,
  title={Eigenvalue Corrected Noisy Natural Gradient},
  author={Bae, Juhan and Zhang, Guodong and Grosse, Roger},
  journal={arXiv preprint arXiv:1811.12565},
  year={2018}
}



@InProceedings{ghosh2018structured,
    title = 	 {Structured Variational Learning of {B}ayesian Neural Networks with Horseshoe Priors},
    author = 	 {Ghosh, Soumya and Yao, Jiayu and Doshi-Velez, Finale},
    booktitle = 	 {International Conference on Machine Learning},
    pages = 	 {1744--1753},
    year = 	 {2018},
}


@article{depeweg2017uncertainty,
  title={Uncertainty decomposition in {B}ayesian neural networks with latent variables},
  author={Depeweg, Stefan and Hern{\'a}ndez-Lobato, Jos{\'e} Miguel and Doshi-Velez, Finale and Udluft, Steffen},
  journal={arXiv preprint arXiv:1706.08495},
  year={2017}
}

@inproceedings{gal2016dropout,
  title={Dropout as a {B}ayesian approximation: Representing model uncertainty in deep learning},
  author={Gal, Yarin and Ghahramani, Zoubin},
  booktitle={International Conference on Machine Learning},
  pages={1050--1059},
  year={2016}
}

@inproceedings{gal2017concrete,
  title={Concrete dropout},
  author={Gal, Yarin and Hron, Jiri and Kendall, Alex},
  booktitle={Advances in Neural Information Processing Systems},
  pages={3581--3590},
  year={2017}
}

@article{depeweg2017decomposition,
  title={Decomposition of uncertainty in bayesian deep learning for efficient and risk-sensitive learning},
  author={Depeweg, Stefan and Hern{\'a}ndez-Lobato, Jos{\'e} Miguel and Doshi-Velez, Finale and Udluft, Steffen},
  journal={arXiv preprint arXiv:1710.07283},
  year={2017}
}
%%%%%%%%%% %%%%%%%%%% %%%%%%%%%% %%%%%%%%%% %%%%%%%%%% %%%%%%%%%% %%%%%%%%%% %%%%%%%%%% %%%%%%%%%% 
%%%%%%%%%% %%%%%%%%%% %%%%%%%%%% %%%%%%%%%% %%%%%%%%%% %%%%%%%%%% %%%%%%%%%% %%%%%%%%%% %%%%%%%%%% 
% functional
@inproceedings{flam2017mapping,
  title={Mapping {G}aussian Process Priors to {B}ayesian Neural Networks},
  author={Flam-Shepherd, Daniel and Requeima, James and Duvenaud, David},
  booktitle={NIPS Bayesian deep learning workshop},
  year={2017}
}

@article{ma2018variational,
  title={Variational Implicit Processes},
  author={Ma, Chao and Li, Yingzhen and Hern{\'a}ndez-Lobato, Jos{\'e} Miguel},
  journal={arXiv preprint arXiv:1806.02390},
  year={2018}
}

@article{hafner2018reliable,
  title={Reliable Uncertainty Estimates in Deep Neural Networks using Noise Contrastive Priors},
  author={Hafner, Danijar and Tran, Dustin and Irpan, Alex and Lillicrap, Timothy and Davidson, James},
  journal={arXiv preprint arXiv:1807.09289},
  year={2018}
}

@ARTICLE{2018arXiv180701622G,
   author = {{Garnelo}, M. and {Schwarz}, J. and {Rosenbaum}, D. and {Viola}, F. and 
	{Rezende}, D.~J. and {Eslami}, S.~M.~A. and {Whye Teh}, Y.},
    title = "Neural processes",
  journal = {arXiv preprint arXiv:1807.01622},
     year = 2018,
}

@inproceedings{garnelo2018conditional,
  title={Conditional Neural Processes},
  author={Garnelo, Marta and Rosenbaum, Dan and Maddison, Christopher and Ramalho, Tiago and Saxton, David and Shanahan, Murray and Teh, Yee Whye and Rezende, Danilo and Eslami, SM Ali},
  booktitle={International Conference on Machine Learning},
  pages={1704--1713},
  year={2018}
}

@inproceedings{shah2014student,
  title={Student-t processes as alternatives to {G}aussian processes},
  author={Shah, Amar and Wilson, Andrew and Ghahramani, Zoubin},
  booktitle={Artificial Intelligence and Statistics},
  pages={877--885},
  year={2014}
}


@book{lamperti2012stochastic,
  title={Stochastic processes: a survey of the mathematical theory},
  author={Lamperti, John},
  volume={23},
  year={2012},
  publisher={Springer Science \& Business Media}
}


@article{sun2019functional,
  title={Functional Variational Bayesian Neural Networks},
  author={Sun, Shengyang and Zhang, Guodong and Shi, Jiaxin and Grosse, Roger},
  journal={arXiv preprint arXiv:1903.05779},
  year={2019}
}
