@inproceedings{jacot2018neural,
  title={Neural tangent kernel: Convergence and generalization in neural networks},
  author={Jacot, Arthur and Gabriel, Franck and Hongler, Cl{\'e}ment},
  booktitle={Advances in neural information processing systems},
  pages={8571--8580},
  year={2018}
}

@article{mcallester1999some,
  title={Some pac-bayesian theorems},
  author={McAllester, David A},
  journal={Machine Learning},
  volume={37},
  number={3},
  pages={355--363},
  year={1999},
  publisher={Springer}
}

@incollection{mcallester2003simplified,
  title={Simplified PAC-Bayesian margin bounds},
  author={McAllester, David},
  booktitle={Learning theory and Kernel machines},
  pages={203--215},
  year={2003},
  publisher={Springer}
}

@InProceedings{McAllester1999,
  author    = {David A. McAllester},
  title     = {{PAC}-{B}ayesian Model Averaging},
  booktitle = {Conference on Learning Theory},
  year      = {1999},
  pages     = {164--170},
  owner     = {Jun},
  timestamp = {2019.05.02},
}

@inproceedings{yang2019fast,
  title={Fast-rate PAC-Bayes Generalization Bounds via Shifted Rademacher Processes},
  author={Yang, Jun and \textbf{Sun, Shengyang} and Roy, Daniel M},
  booktitle={Advances in Neural Information Processing Systems},
  year={2019}
}

@article{neyshabur2017pac,
  title={A pac-bayesian approach to spectrally-normalized margin bounds for neural networks},
  author={Neyshabur, Behnam and Bhojanapalli, Srinadh and Srebro, Nathan},
  journal={arXiv preprint arXiv:1707.09564},
  year={2017}
}

@inproceedings{langford2002not,
  title={(Not) bounding the true error},
  author={Langford, John and Caruana, Rich},
  booktitle={Advances in Neural Information Processing Systems},
  pages={809--816},
  year={2002}
}

@inproceedings{germain2009pac,
  title={PAC-Bayesian learning of linear classifiers},
  author={Germain, Pascal and Lacasse, Alexandre and Laviolette, Fran{\c{c}}ois and Marchand, Mario},
  booktitle={Proceedings of the 26th Annual International Conference on Machine Learning},
  pages={353--360},
  year={2009},
  organization={ACM}
}

@article{seeger2002pac,
  title={Pac-bayesian generalisation error bounds for gaussian process classification},
  author={Seeger, Matthias},
  journal={Journal of machine learning research},
  volume={3},
  number={Oct},
  pages={233--269},
  year={2002}
}

@inproceedings{matthews2016sparse,
  title={On sparse variational methods and the Kullback-Leibler divergence between stochastic processes},
  author={Matthews, Alexander G de G and Hensman, James and Turner, Richard and Ghahramani, Zoubin},
  booktitle={Artificial Intelligence and Statistics},
  pages={231--239},
  year={2016}
}

@Book{Catoni2007,
  title     = {{PAC-B}ayesian Supervised Classification: The Thermodynamics of Statistical Learning},
  publisher = {Institute of Mathematical Statistics},
  year      = {2007},
  author    = {Olivier Catoni},
  volume    = {56},
  series    = {Lecture Notes -- Monograph Series},
  owner     = {Jun},
  timestamp = {2019.08.12},
}

@article{rosasco2010learning,
  title={On learning with integral operators},
  author={Rosasco, Lorenzo and Belkin, Mikhail and Vito, Ernesto De},
  journal={Journal of Machine Learning Research},
  volume={11},
  number={Feb},
  pages={905--934},
  year={2010}
}
