
%%%%%%%%%% %%%%%%%%%% %%%%%%%%%% %%%%%%%%%% %%%%%%%%%% %%%%%%%%%% %%%%%%%%%% %%%%%%%%%% %%%%%%%%%% 
%%%%%%%%%% %%%%%%%%%% %%%%%%%%%% %%%%%%%%%% %%%%%%%%%% %%%%%%%%%% %%%%%%%%%% %%%%%%%%%% %%%%%%%%%% 
% gp
@inproceedings{wilson2016deep,
  title={Deep kernel learning},
  author={Wilson, Andrew Gordon and Hu, Zhiting and Salakhutdinov, Ruslan and Xing, Eric P},
  booktitle={Artificial Intelligence and Statistics},
  pages={370--378},
  year={2016}
}

@inproceedings{khan2019approximate,
  title={Approximate Inference Turns Deep Networks into Gaussian Processes},
  author={Khan, Mohammad Emtiyaz and Immer, Alexander and Abedi, Ehsan and Korzepa, Maciej Jan},
  booktitle={33rd Conference on Neural Information Processing Systems},
  pages={1751},
  year={2019},
  organization={Neural Information Processing Systems Foundation}
}

@inproceedings{dao2017gaussian,
  title={Gaussian quadrature for kernel features},
  author={Dao, Tri and De Sa, Christopher M and R{\'e}, Christopher},
  booktitle={Advances in neural information processing systems},
  pages={6107--6117},
  year={2017}
}

@article{samo2015generalized,
  title={Generalized spectral kernels},
  author={Samo, Yves-Laurent Kom and Roberts, Stephen},
  journal={arXiv preprint arXiv:1506.02236},
  year={2015}
}

@inproceedings{wilson2013gaussian,
  title={Gaussian process kernels for pattern discovery and extrapolation},
  author={Wilson, Andrew and Adams, Ryan},
  booktitle={International conference on machine learning},
  pages={1067--1075},
  year={2013}
}

@article{nystrom1930praktische,
	title={{\"U}ber die praktische Aufl{\"o}sung von Integralgleichungen mit Anwendungen auf Randwertaufgaben},
	author={Nystr{\"o}m, Evert J},
	journal={Acta Mathematica},
	volume={54},
	number={1},
	pages={185--204},
	year={1930},
	publisher={Springer}
}

@book{baker1997numerical,
	title={The Numerical Treatment of Integral Equations},
	author={Baker, Christopher T.},
	year={1997},
	publisher={Clarendon Press, Oxford}
}

@inproceedings{williams2001using,
	title={Using the {N}ystr{\"o}m method to speed up kernel machines},
	author={Williams, Christopher KI and Seeger, Matthias},
	booktitle={Advances in Neural Information Processing Systems},
	pages={682--688},
	year={2001}
}

@book{rasmussen2006gaussian,
	title={Gaussian Processes for Machine Learning},
	author={Rasmussen, Carl Edward and Williams, Christopher KI},
	year={2006},
	publisher={MIT Press}
}

@article{quia2010sparse,
  title={Sparse spectrum {Gaussian} process regression},
  author={L\'azaro-Gredilla, Miguel and Qui\~nonero-Candela, Joaquin and Rasmussen, Carl Edward and Figueiras-Vidal, An\'ibal R},
  journal={Journal of Machine Learning Research},
  volume={11},
  number={Jun},
  pages={1865--1881},
  year={2010}
}


@inproceedings{snelson2006sparse,
  title={Sparse {Gaussian} processes using pseudo-inputs},
  author={Snelson, Edward and Ghahramani, Zoubin},
  booktitle={Advances in Neural Information Processing Systems},
  pages={1257--1264},
  year={2006}
}

@inproceedings{titsias2009variational,
  title={Variational learning of inducing variables in sparse {Gaussian} processes},
  author={Titsias, Michalis},
  booktitle={Artificial Intelligence and Statistics},
  pages={567--574},
  year={2009}
}

@inproceedings{hensman2013gaussian,
  title={Gaussian Processes for Big Data},
  author={Hensman, James and Fusi, Nicolo and Lawrence, Neil D},
  booktitle={Uncertainty in Artificial Intelligence},
  pages={282},
  year={2013}
}

@article{hensman2017variational,
  title={Variational Fourier features for Gaussian processes},
  author={Hensman, James and Durrande, Nicolas and Solin, Arno},
  journal={The Journal of Machine Learning Research},
  volume={18},
  number={1},
  pages={5537--5588},
  year={2017},
  publisher={JMLR. org}
}

@inproceedings{hensman2015scalable,
    title={Scalable Variational {G}aussian Process Classification},
    author={Hensman, James and Matthews, Alexander and Ghahramani, Zoubin},
    booktitle={Artificial Intelligence and Statistics},
    pages={351--360},
    year={2015}
}

@inproceedings{rahimi2008random,
  title={Random features for large-scale kernel machines},
  author={Rahimi, Ali and Recht, Benjamin},
  booktitle={Advances in Neural Information Processing Systems},
  pages={1177--1184},
  year={2008}
}

@inproceedings{le2013fastfood,
  title={Fastfood --- approximating kernel expansions in loglinear time},
  author={Le, Quoc and Sarl{\'o}s, Tam{\'a}s and Smola, Alex},
  booktitle={International Conference on Machine Learning},
  volume={85},
  year={2013}
}

@inproceedings{wilson2015kernel,
  title={Kernel interpolation for scalable structured {G}aussian processes ({KISS}-{GP})},
  author={Wilson, Andrew and Nickisch, Hannes},
  booktitle={International Conference on Machine Learning},
  pages={1775--1784},
  year={2015}
}

@inproceedings{wilson2014fast,
  title={Fast kernel learning for multidimensional pattern extrapolation},
  author={Wilson, Andrew G and Gilboa, Elad and Nehorai, Arye and Cunningham, John P},
  booktitle={Advances in Neural Information Processing Systems},
  pages={3626--3634},
  year={2014}
}

@InProceedings{sun2018differentiable,
    title = 	 {Differentiable Compositional Kernel Learning for {G}aussian Processes},
    author = 	 {Sun, Shengyang and Zhang, Guodong and Wang, Chaoqi and Zeng, Wenyuan and Li, Jiaman and Grosse, Roger},
    booktitle = 	 {International Conference on Machine Learning},
    pages = 	 {4828--4837},
    year = 	 {2018},
}


@inproceedings{damianou2013deep,
  title={Deep gaussian processes},
  author={Damianou, Andreas and Lawrence, Neil},
  booktitle={Artificial Intelligence and Statistics},
  pages={207--215},
  year={2013}
}

@article{izmailov2017scalable,
  title={Scalable gaussian processes with billions of inducing inputs via tensor train decomposition},
  author={Izmailov, Pavel and Novikov, Alexander and Kropotov, Dmitry},
  journal={arXiv preprint arXiv:1710.07324},
  year={2017}
}


@inproceedings{cutajar2016random,
    title={Random Feature Expansions for Deep {G}aussian Processes},
    author={Cutajar, Kurt and Bonilla, Edwin V and Michiardi, Pietro and Filippone, Maurizio},
    booktitle={International Conference on Machine Learning},
    pages={884--893},
    year={2017}
}

@article{krauth2016autogp,
  title={Auto{GP}: Exploring the capabilities and limitations of {G}aussian Process models},
  author={Krauth, Karl and Bonilla, Edwin V and Cutajar, Kurt and Filippone, Maurizio},
  journal={arXiv preprint arXiv:1610.05392},
  year={2016}
}


@inproceedings{cutajar2017random,
  title={Random Feature Expansions for Deep {G}aussian Processes},
  author={Cutajar, Kurt and Bonilla, Edwin V and Michiardi, Pietro and Filippone, Maurizio},
  booktitle={International Conference on Machine Learning},
  pages={884--893},
  year={2017}
}


@inproceedings{salimbeni2017doubly,
  title={Doubly stochastic variational inference for deep {G}aussian processes},
  author={Salimbeni, Hugh and Deisenroth, Marc},
  booktitle={Advances in Neural Information Processing Systems},
  pages={4588--4599},
  year={2017}
}


@inproceedings{lloyd2014automatic,
  title={Automatic Construction and Natural-Language Description of Nonparametric Regression Models.},
  author={Lloyd, James Robert and Duvenaud, David K and Grosse, Roger B and Tenenbaum, Joshua B and Ghahramani, Zoubin},
  booktitle={AAAI},
  pages={1242--1250},
  year={2014}
}




@inproceedings{matthews2016sparse,
    title={On Sparse Variational Methods and the {K}ullback-{L}eibler Divergence between Stochastic Processes},
    author={Matthews, Alexander G de G and Hensman, James and Turner, Richard and Ghahramani, Zoubin},
    booktitle={Artificial Intelligence and Statistics},
    pages={231--239},
    year={2016}
}


@inproceedings{mallasto2017learning,
	title={Learning from uncertain curves: The 2-Wasserstein metric for {G}aussian processes},
	author={Mallasto, Anton and Feragen, Aasa},
	booktitle={Advances in Neural Information Processing Systems},
	pages={5660--5670},
	year={2017}
}


%%%%%%%%%% %%%%%%%%%% %%%%%%%%%% %%%%%%%%%% %%%%%%%%%% %%%%%%%%%% %%%%%%%%%% %%%%%%%%%% %%%%%%%%%% 
%%%%%%%%%% %%%%%%%%%% %%%%%%%%%% %%%%%%%%%% %%%%%%%%%% %%%%%%%%%% %%%%%%%%%% %%%%%%%%%% %%%%%%%%%% 
% deep neural networks as gp

@phdthesis{neal1995bayesian,
  title={Bayesian Learning for Neural Networks},
  author={Neal, Radford M},
  year={1995},
  school={University of Toronto}
}

@inproceedings{
    lee2017deep,
    title={Deep Neural Networks as {G}aussian Processes},
    author={Jaehoon Lee and Jascha Sohl-dickstein and Jeffrey Pennington and Roman Novak and Sam Schoenholz and Yasaman Bahri},
    booktitle={International Conference on Learning Representations},
    year={2018},
}

@article{novak2018bayesian,
  title={Bayesian deep convolutional networks with many channels are gaussian processes},
  author={Novak, Roman and Xiao, Lechao and Bahri, Yasaman and Lee, Jaehoon and Yang, Greg and Hron, Jiri and Abolafia, Daniel A and Pennington, Jeffrey and Sohl-Dickstein, Jascha},
  year={2018}
}

@article{garriga2018deep,
  title={Deep convolutional networks as shallow gaussian processes},
  author={Garriga-Alonso, Adri{\`a} and Aitchison, Laurence and Rasmussen, Carl Edward},
  journal={arXiv preprint arXiv:1808.05587},
  year={2018}
}

@article{lee2019wide,
  title={Wide neural networks of any depth evolve as linear models under gradient descent},
  author={Lee, Jaehoon and Xiao, Lechao and Schoenholz, Samuel S and Bahri, Yasaman and Sohl-Dickstein, Jascha and Pennington, Jeffrey},
  journal={arXiv preprint arXiv:1902.06720},
  year={2019}
}

@inproceedings{snoek2015scalable,
  title={Scalable bayesian optimization using deep neural networks},
  author={Snoek, Jasper and Rippel, Oren and Swersky, Kevin and Kiros, Ryan and Satish, Nadathur and Sundaram, Narayanan and Patwary, Mostofa and Prabhat, Mr and Adams, Ryan},
  booktitle={International conference on machine learning},
  pages={2171--2180},
  year={2015}
}

@inproceedings{snelson2006sparse,
  title={Sparse Gaussian processes using pseudo-inputs},
  author={Snelson, Edward and Ghahramani, Zoubin},
  booktitle={Advances in neural information processing systems},
  pages={1257--1264},
  year={2006}
}

@article{kanagawa2018gaussian,
  title={Gaussian processes and kernel methods: A review on connections and equivalences},
  author={Kanagawa, Motonobu and Hennig, Philipp and Sejdinovic, Dino and Sriperumbudur, Bharath K},
  journal={arXiv preprint arXiv:1807.02582},
  year={2018}
}

@article{hajek1962linear,
  title={On linear statistical problems in stochastic processes},
  author={H{\'a}jek, Jaroslav},
  journal={Czechoslovak Mathematical Journal},
  volume={12},
  number={3},
  pages={404--444},
  year={1962},
  publisher={Institute of Mathematics, Academy of Sciences of the Czech Republic}
}

@article{parzen1961approach,
  title={An approach to time series analysis},
  author={Parzen, Emanuel and others},
  journal={The Annals of Mathematical Statistics},
  volume={32},
  number={4},
  pages={951--989},
  year={1961},
  publisher={Institute of Mathematical Statistics}
}

@article{adam2020doubly,
  title={Doubly Sparse Variational Gaussian Processes},
  author={Adam, Vincent and Eleftheriadis, Stefanos and Durrande, Nicolas and Artemev, Artem and Hensman, James},
  journal={arXiv preprint arXiv:2001.05363},
  year={2020}
}

@article{opper2009variational,
  title={The variational Gaussian approximation revisited},
  author={Opper, Manfred and Archambeau, C{\'e}dric},
  journal={Neural computation},
  volume={21},
  number={3},
  pages={786--792},
  year={2009},
  publisher={MIT Press}
}

@article{dutordoir2020sparse,
  title={Sparse Gaussian Processes with Spherical Harmonic Features},
  author={Dutordoir, Vincent and Durrande, Nicolas and Hensman, James},
  journal={arXiv preprint arXiv:2006.16649},
  year={2020}
}

@article{burt2020variational,
  title={Variational Orthogonal Features},
  author={Burt, David R and Rasmussen, Carl Edward and van der Wilk, Mark},
  journal={arXiv preprint arXiv:2006.13170},
  year={2020}
}

@inproceedings{shi2020sparse,
  title={Sparse orthogonal variational inference for gaussian processes},
  author={Shi, Jiaxin and Titsias, Michalis and Mnih, Andriy},
  booktitle={International Conference on Artificial Intelligence and Statistics},
  pages={1932--1942},
  year={2020}
}

%%%%%%%%%%% GP Application
@inproceedings{niknazar2012fetal,
  title={Fetal ECG extraction from a single sensor by a non-parametric modeling},
  author={Niknazar, Mohammad and Rivet, Bertrand and Jutten, Christian},
  booktitle={2012 Proceedings of the 20th European Signal Processing Conference (EUSIPCO)},
  pages={949--953},
  year={2012},
  organization={IEEE}
}

@article{grasshoffscalable,
 title={Scalable Gaussian Process Separation for Kernels with a Non-Stationary Phase},
 author={Gra{\ss}hoff, Jan and Jankowski, Alexandra and Rostalski, Philipp}
}

@article{heinrich2006body,
  title={Body and head position effects on regional lung ventilation in infants: an electrical impedance tomography study},
  author={Heinrich, Sina and Schiffmann, Holger and Frerichs, Alexander and Klockgether-Radke, Adelbert and Frerichs, In{\'e}z},
  journal={Intensive care medicine},
  volume={32},
  number={9},
  pages={1392},
  year={2006},
  publisher={Springer}
}

@article{aras2015experimental,
  title={Experimental data and geometric analysis repository—EDGAR},
  author={Aras, Kedar and Good, Wilson and Tate, Jess and Burton, Brett and Brooks, Dana and Coll-Font, Jaume and Doessel, Olaf and Schulze, Walther and Potyagaylo, Danila and Wang, Linwei and others},
  journal={Journal of electrocardiology},
  volume={48},
  number={6},
  pages={975--981},
  year={2015},
  publisher={Elsevier}
}

@article{wilson2020efficiently,
  title={Efficiently sampling functions from Gaussian process posteriors},
  author={Wilson, James T and Borovitskiy, Viacheslav and Terenin, Alexander and Mostowsky, Peter and Deisenroth, Marc Peter},
  journal={arXiv preprint arXiv:2002.09309},
  year={2020}
}

@inproceedings{kar2012random,
  title={Random feature maps for dot product kernels},
  author={Kar, Purushottam and Karnick, Harish},
  booktitle={Artificial Intelligence and Statistics},
  pages={583--591},
  year={2012}
}

@inproceedings{pham2013fast,
  title={Fast and scalable polynomial kernels via explicit feature maps},
  author={Pham, Ninh and Pagh, Rasmus},
  booktitle={Proceedings of the 19th ACM SIGKDD international conference on Knowledge discovery and data mining},
  pages={239--247},
  year={2013}
}

@article{avron2016quasi,
  title={Quasi-Monte Carlo feature maps for shift-invariant kernels},
  author={Avron, Haim and Sindhwani, Vikas and Yang, Jiyan and Mahoney, Michael W},
  journal={The Journal of Machine Learning Research},
  volume={17},
  number={1},
  pages={4096--4133},
  year={2016},
  publisher={JMLR. org}
}

@inproceedings{yu2016orthogonal,
  title={Orthogonal random features},
  author={Yu, Felix Xinnan X and Suresh, Ananda Theertha and Choromanski, Krzysztof M and Holtmann-Rice, Daniel N and Kumar, Sanjiv},
  booktitle={Advances in Neural Information Processing Systems},
  pages={1975--1983},
  year={2016}
}

@inproceedings{hamid2014compact,
  title={Compact random feature maps},
  author={Hamid, Raffay and Xiao, Ying and Gittens, Alex and DeCoste, Dennis},
  booktitle={International Conference on Machine Learning},
  pages={19--27},
  year={2014}
}

@inproceedings{le2013fastfood,
  title={Fastfood-computing hilbert space expansions in loglinear time},
  author={Le, Quoc and Sarl{\'o}s, Tam{\'a}s and Smola, Alexander},
  booktitle={International Conference on Machine Learning},
  pages={244--252},
  year={2013}
}

@article{daniely2017random,
  title={Random features for compositional kernels},
  author={Daniely, Amit and Frostig, Roy and Gupta, Vineet and Singer, Yoram},
  journal={arXiv preprint arXiv:1703.07872},
  year={2017}
}

@inproceedings{bui2017streaming,
  title={Streaming sparse Gaussian process approximations},
  author={Bui, Thang D and Nguyen, Cuong and Turner, Richard E},
  booktitle={Advances in Neural Information Processing Systems},
  pages={3299--3307},
  year={2017}
}

@inproceedings{smola2001regularization,
  title={Regularization with dot-product kernels},
  author={Smola, Alex J and Ovari, Zoltan L and Williamson, Robert C},
  booktitle={Advances in neural information processing systems},
  pages={308--314},
  year={2001}
}

@article{gallier2009notes,
  title={Notes on spherical harmonics and linear representations of Lie groups},
  author={Gallier, Jean},
  journal={preprint},
  year={2009}
}


@book{thomson1888treatise,
  title={Treatise on natural philosophy},
  author={Thomson, Sir William and Tait, Peter Guthrie},
  year={1888}
}

@book{morimoto1998analytic,
  title={Analytic functionals on the sphere},
  author={Morimoto, Mitsuo},
  year={1998},
  publisher={American Mathematical Society}
}

@book{berlinet2011reproducing,
  title={Reproducing kernel Hilbert spaces in probability and statistics},
  author={Berlinet, Alain and Thomas-Agnan, Christine},
  year={2011},
  publisher={Springer Science \& Business Media}
}


@article{aronszajn1950theory,
  title={Theory of reproducing kernels},
  author={Aronszajn, Nachman},
  journal={Transactions of the American mathematical society},
  volume={68},
  number={3},
  pages={337--404},
  year={1950},
  publisher={JSTOR}
}

@inproceedings{lazaro2009inter,
  title={Inter-domain Gaussian processes for sparse inference using inducing features},
  author={L{\'a}zaro-Gredilla, Miguel and Figueiras-Vidal, Anibal},
  booktitle={Advances in Neural Information Processing Systems},
  pages={1087--1095},
  year={2009}
}

@book{muller2012analysis,
  title={Analysis of spherical symmetries in Euclidean spaces},
  author={M{\"u}ller, Claus},
  volume={129},
  year={2012},
  publisher={Springer Science \& Business Media}
}

@article{drineas2005nystrom,
  title={On the Nystr{\"o}m method for approximating a Gram matrix for improved kernel-based learning},
  author={Drineas, Petros and Mahoney, Michael W},
  journal={journal of machine learning research},
  volume={6},
  number={Dec},
  pages={2153--2175},
  year={2005}
}

@inproceedings{Borovitskiy2020Matern,
 author = {Borovitskiy, Viacheslav and Terenin, Alexander and Mostowsky, Peter and Deisenroth (he/him), Marc},
 booktitle = {Advances in Neural Information Processing Systems},
 title = {Mat\'{e}rn Gaussian Processes on Riemannian Manifolds},
 year = {2020}
}


