

%%%%%%%%%% %%%%%%%%%% %%%%%%%%%% %%%%%%%%%% %%%%%%%%%% %%%%%%%%%% %%%%%%%%%% %%%%%%%%%% %%%%%%%%%% 
%%%%%%%%%% %%%%%%%%%% %%%%%%%%%% %%%%%%%%%% %%%%%%%%%% %%%%%%%%%% %%%%%%%%%% %%%%%%%%%% %%%%%%%%%% 
% logic 

@inproceedings{santoro2017simple,
  title={A simple neural network module for relational reasoning},
  author={Santoro, Adam and Raposo, David and Barrett, David G and Malinowski, Mateusz and Pascanu, Razvan and Battaglia, Peter and Lillicrap, Timothy},
  booktitle={Advances in neural information processing systems},
  pages={4967--4976},
  year={2017}
}

@inproceedings{manhaeve2018deepproblog,
  title={Deepproblog: Neural probabilistic logic programming},
  author={Manhaeve, Robin and Dumancic, Sebastijan and Kimmig, Angelika and Demeester, Thomas and De Raedt, Luc},
  booktitle={Advances in Neural Information Processing Systems},
  pages={3749--3759},
  year={2018}
}

@inproceedings{yang2017differentiable,
  title={Differentiable learning of logical rules for knowledge base reasoning},
  author={Yang, Fan and Yang, Zhilin and Cohen, William W},
  booktitle={Advances in Neural Information Processing Systems},
  pages={2319--2328},
  year={2017}
}

@article{graves2016hybrid,
  title={Hybrid computing using a neural network with dynamic external memory},
  author={Graves, Alex and Wayne, Greg and Reynolds, Malcolm and Harley, Tim and Danihelka, Ivo and Grabska-Barwi{\'n}ska, Agnieszka and Colmenarejo, Sergio G{\'o}mez and Grefenstette, Edward and Ramalho, Tiago and Agapiou, John and others},
  journal={Nature},
  volume={538},
  number={7626},
  pages={471},
  year={2016},
  publisher={Nature Publishing Group}
}

@inproceedings{sukhbaatar2015end,
  title={End-to-end memory networks},
  author={Sukhbaatar, Sainbayar and Weston, Jason and Fergus, Rob and others},
  booktitle={Advances in neural information processing systems},
  pages={2440--2448},
  year={2015}
}

@article{graves2014neural,
  title={Neural turing machines},
  author={Graves, Alex and Wayne, Greg and Danihelka, Ivo},
  journal={arXiv preprint arXiv:1410.5401},
  year={2014}
}

@inproceedings{rocktaschel2017end,
  title={End-to-end differentiable proving},
  author={Rockt{\"a}schel, Tim and Riedel, Sebastian},
  booktitle={Advances in Neural Information Processing Systems},
  pages={3788--3800},
  year={2017}
}

@inproceedings{bansal2019holist,
  title={HOList: An Environment for Machine Learning of Higher Order Logic Theorem Proving},
  author={Bansal, Kshitij and Loos, Sarah and Rabe, Markus and Szegedy, Christian and Wilcox, Stewart},
  booktitle={International Conference on Machine Learning},
  pages={454--463},
  year={2019}
}

@article{zeng2016incorporating,
  title={Incorporating relation paths in neural relation extraction},
  author={Zeng, Wenyuan and Lin, Yankai and Liu, Zhiyuan and Sun, Maosong},
  journal={arXiv preprint arXiv:1609.07479},
  year={2016}
}


@article{evans2018learning,
  title={Learning explanatory rules from noisy data},
  author={Evans, Richard and Grefenstette, Edward},
  journal={Journal of Artificial Intelligence Research},
  volume={61},
  pages={1--64},
  year={2018}
}



@article{cropper2019learning,
  title={Learning higher-order logic programs},
  author={Cropper, Andrew and Morel, Rolf and Muggleton, Stephen H},
  journal={arXiv preprint arXiv:1907.10953},
  year={2019}
}

@article{campero2018logical,
  title={Logical rule induction and theory learning using neural theorem proving},
  author={Campero, Andres and Pareja, Aldo and Klinger, Tim and Tenenbaum, Josh and Riedel, Sebastian},
  journal={arXiv preprint arXiv:1809.02193},
  year={2018}
}

@article{richardson2006markov,
  title={Markov logic networks},
  author={Richardson, Matthew and Domingos, Pedro},
  journal={Machine learning},
  volume={62},
  number={1-2},
  pages={107--136},
  year={2006},
  publisher={Springer}
}

@article{dong2019neural,
  title={Neural logic machines},
  author={Dong, Honghua and Mao, Jiayuan and Lin, Tian and Wang, Chong and Li, Lihong and Zhou, Denny},
  journal={arXiv preprint arXiv:1904.11694},
  year={2019}
}

@inproceedings{jiang2019neural,
  title={Neural Logic Reinforcement Learning},
  author={Jiang, Zhengyao and Luo, Shan},
  booktitle={International Conference on Machine Learning},
  pages={3110--3119},
  year={2019}
}

@inproceedings{wang2019satnet,
  title={SATNet: Bridging deep learning and logical reasoning using a differentiable satisfiability solver},
  author={Wang, Po-Wei and Donti, Priya and Wilder, Bryan and Kolter, Zico},
  booktitle={International Conference on Machine Learning},
  pages={6545--6554},
  year={2019}
}

@article{selsam2018learning,
  title={Learning a SAT solver from single-bit supervision},
  author={Selsam, Daniel and Lamm, Matthew and B{\"u}nz, Benedikt and Liang, Percy and de Moura, Leonardo and Dill, David L},
  journal={arXiv preprint arXiv:1802.03685},
  year={2018}
}

@article{amizadeh2018learning,
  title={Learning to solve circuit-SAT: An unsupervised differentiable approach},
  author={Amizadeh, Saeed and Matusevych, Sergiy and Weimer, Markus},
  year={2018}
}

@article{domingos2019unifying,
  title={Unifying logical and statistical AI with Markov logic},
  author={Domingos, Pedro and Lowd, Daniel},
  journal={Communications of the ACM},
  volume={62},
  number={7},
  pages={74--83},
  year={2019},
  publisher={ACM}
}

@article{cohen2018tensorlog,
  title={Tensorlog: Deep learning meets probabilistic databases},
  author={Cohen, William W and Yang, Fan and Mazaitis, Kathryn Rivard},
  journal={Journal of Artificial Intelligence Research},
  volume={1},
  pages={1--15},
  year={2018}
}

@inproceedings{palm2018recurrent,
  title={Recurrent relational networks},
  author={Palm, Rasmus and Paquet, Ulrich and Winther, Ole},
  booktitle={Advances in Neural Information Processing Systems},
  pages={3368--3378},
  year={2018}
}

@inproceedings{santoro2018relational,
  title={Relational recurrent neural networks},
  author={Santoro, Adam and Faulkner, Ryan and Raposo, David and Rae, Jack and Chrzanowski, Mike and Weber, Theophane and Wierstra, Daan and Vinyals, Oriol and Pascanu, Razvan and Lillicrap, Timothy},
  booktitle={Advances in Neural Information Processing Systems},
  pages={7299--7310},
  year={2018}
}

@article{zambaldi2018relational,
  title={Relational deep reinforcement learning},
  author={Zambaldi, Vinicius and Raposo, David and Santoro, Adam and Bapst, Victor and Li, Yujia and Babuschkin, Igor and Tuyls, Karl and Reichert, David and Lillicrap, Timothy and Lockhart, Edward and others},
  journal={arXiv preprint arXiv:1806.01830},
  year={2018}
}

@inproceedings{santoro2018measuring,
  title={Measuring abstract reasoning in neural networks},
  author={Santoro, Adam and Hill, Felix and Barrett, David and Morcos, Ari and Lillicrap, Timothy},
  booktitle={International Conference on Machine Learning},
  pages={4477--4486},
  year={2018}
}

@article{kipf2016semi,
  title={Semi-supervised classification with graph convolutional networks},
  author={Kipf, Thomas N and Welling, Max},
  journal={arXiv preprint arXiv:1609.02907},
  year={2016}
}

@article{serafini2016logic,
  title={Logic tensor networks: Deep learning and logical reasoning from data and knowledge},
  author={Serafini, Luciano and Garcez, Artur d'Avila},
  journal={arXiv preprint arXiv:1606.04422},
  year={2016}
}

@inproceedings{brocheler2010probabilistic,
  title={Probabilistic similarity logic},
  author={Br{\"o}cheler, Matthias and Mihalkova, Lilyana and Getoor, Lise},
  booktitle={Proceedings of the Twenty-Sixth Conference on Uncertainty in Artificial Intelligence},
  pages={73--82},
  year={2010},
  organization={AUAI Press}
}

@inproceedings{muggleton1996learning,
  title={Learning from positive data},
  author={Muggleton, Stephen},
  booktitle={International Conference on Inductive Logic Programming},
  pages={358--376},
  year={1996},
  organization={Springer}
}

@article{silver2016mastering,
  title={Mastering the game of Go with deep neural networks and tree search},
  author={Silver, David and Huang, Aja and Maddison, Chris J and Guez, Arthur and Sifre, Laurent and Van Den Driessche, George and Schrittwieser, Julian and Antonoglou, Ioannis and Panneershelvam, Veda and Lanctot, Marc and others},
  journal={nature},
  volume={529},
  number={7587},
  pages={484},
  year={2016},
  publisher={Nature Publishing Group}
}

@article{silver2017mastering,
  title={Mastering the game of go without human knowledge},
  author={Silver, David and Schrittwieser, Julian and Simonyan, Karen and Antonoglou, Ioannis and Huang, Aja and Guez, Arthur and Hubert, Thomas and Baker, Lucas and Lai, Matthew and Bolton, Adrian and others},
  journal={Nature},
  volume={550},
  number={7676},
  pages={354},
  year={2017},
  publisher={Nature Publishing Group}
}

@inproceedings{wang2019low,
  title={Low-rank semidefinite programming for the MAX2SAT problem},
  author={Wang, Po-Wei and Kolter, J Zico},
  booktitle={Proceedings of the AAAI Conference on Artificial Intelligence},
  volume={33},
  pages={1641--1649},
  year={2019}
}

@incollection{maler2004monitoring,
  title={Monitoring temporal properties of continuous signals},
  author={Maler, Oded and Nickovic, Dejan},
  booktitle={Formal Techniques, Modelling and Analysis of Timed and Fault-Tolerant Systems},
  pages={152--166},
  year={2004},
  publisher={Springer}
}