@inproceedings{bach2013sharp,
  title={Sharp analysis of low-rank kernel matrix approximations},
  author={Bach, Francis},
  booktitle={Conference on Learning Theory},
  pages={185--209},
  year={2013}
}


@article{tang2012probing,
  title={A probing method for computing the diagonal of a matrix inverse},
  author={Tang, Jok M and Saad, Yousef},
  journal={Numerical Linear Algebra with Applications},
  volume={19},
  number={3},
  pages={485--501},
  year={2012},
  publisher={Wiley Online Library}
}

@inproceedings{williams2001using,
  title={Using the Nystr{\"o}m method to speed up kernel machines},
  author={Williams, Christopher KI and Seeger, Matthias},
  booktitle={Advances in neural information processing systems},
  pages={682--688},
  year={2001}
}

@inproceedings{rudi2015less,
  title={Less is more: Nystr{\"o}m computational regularization},
  author={Rudi, Alessandro and Camoriano, Raffaello and Rosasco, Lorenzo},
  booktitle={Advances in Neural Information Processing Systems},
  pages={1657--1665},
  year={2015}
}

@inproceedings{alaoui2015fast,
  title={Fast randomized kernel ridge regression with statistical guarantees},
  author={Alaoui, Ahmed and Mahoney, Michael W},
  booktitle={Advances in Neural Information Processing Systems},
  pages={775--783},
  year={2015}
}

@inproceedings{rahimi2008random,
  title={Random features for large-scale kernel machines},
  author={Rahimi, Ali and Recht, Benjamin},
  booktitle={Advances in neural information processing systems},
  pages={1177--1184},
  year={2008}
}

@inproceedings{rudi2017falkon,
  title={Falkon: An optimal large scale kernel method},
  author={Rudi, Alessandro and Carratino, Luigi and Rosasco, Lorenzo},
  booktitle={Advances in Neural Information Processing Systems},
  pages={3888--3898},
  year={2017}
}

@inproceedings{dai2014scalable,
  title={Scalable kernel methods via doubly stochastic gradients},
  author={Dai, Bo and Xie, Bo and He, Niao and Liang, Yingyu and Raj, Anant and Balcan, Maria-Florina F and Song, Le},
  booktitle={Advances in Neural Information Processing Systems},
  pages={3041--3049},
  year={2014}
}

@inproceedings{rahimi2009weighted,
  title={Weighted sums of random kitchen sinks: Replacing minimization with randomization in learning},
  author={Rahimi, Ali and Recht, Benjamin},
  booktitle={Advances in neural information processing systems},
  pages={1313--1320},
  year={2009}
}

@article{lin2017optimal,
  title={Optimal Rates for Learning with Nystr$\backslash$" om Stochastic Gradient Methods},
  author={Lin, Junhong and Rosasco, Lorenzo},
  journal={arXiv preprint arXiv:1710.07797},
  year={2017}
}

@inproceedings{carratino2018learning,
  title={Learning with sgd and random features},
  author={Carratino, Luigi and Rudi, Alessandro and Rosasco, Lorenzo},
  booktitle={Advances in Neural Information Processing Systems},
  pages={10192--10203},
  year={2018}
}

@article{lin2020convergences,
  title={Convergences of Regularized Algorithms and Stochastic Gradient Methods with Random Projections},
  author={Lin, Junhong and Cevher, Volkan},
  journal={Journal of Machine Learning Research},
  volume={21},
  number={20},
  pages={1--44},
  year={2020}
}

@inproceedings{pfahler2018nystrom,
  title={Nystr{\"o}m-SGD: Fast Learning of Kernel-Classifiers with Conditioned Stochastic Gradient Descent},
  author={Pfahler, Lukas and Morik, Katharina},
  booktitle={Joint European Conference on Machine Learning and Knowledge Discovery in Databases},
  pages={209--224},
  year={2018},
  organization={Springer}
}

@article{tu2016large,
  title={Large scale kernel learning using block coordinate descent},
  author={Tu, Stephen and Roelofs, Rebecca and Venkataraman, Shivaram and Recht, Benjamin},
  journal={arXiv preprint arXiv:1602.05310},
  year={2016}
}

@article{ma2018kernel,
  title={Kernel machines that adapt to GPUs for effective large batch training},
  author={Ma, Siyuan and Belkin, Mikhail},
  journal={arXiv preprint arXiv:1806.06144},
  year={2018}
}

@inproceedings{bach2005predictive,
  title={Predictive low-rank decomposition for kernel methods},
  author={Bach, Francis R and Jordan, Michael I},
  booktitle={Proceedings of the 22nd international conference on Machine learning},
  pages={33--40},
  year={2005}
}

@article{smola2000sparse,
  title={Sparse greedy matrix approximation for machine learning},
  author={Smola, Alex J and Sch{\"o}lkopf, Bernhard},
  year={2000},
  publisher={Citeseer}
}

@article{han2017approximating,
  title={Approximating spectral sums of large-scale matrices using stochastic chebyshev approximations},
  author={Han, Insu and Malioutov, Dmitry and Avron, Haim and Shin, Jinwoo},
  journal={SIAM Journal on Scientific Computing},
  volume={39},
  number={4},
  pages={A1558--A1585},
  year={2017},
  publisher={SIAM}
}

@book{mason2002chebyshev,
  title={Chebyshev polynomials},
  author={Mason, John C and Handscomb, David C},
  year={2002},
  publisher={CRC press}
}