
@article{dawid1981some,
  title={Some matrix-variate distribution theory: notational considerations and a {B}ayesian application},
  author={Dawid, A Philip},
  journal={Biometrika},
  volume={68},
  number={1},
  pages={265--274},
  year={1981},
  publisher={Oxford University Press}
}

@article{kimeldorf1970correspondence,
  title={A correspondence between Bayesian estimation on stochastic processes and smoothing by splines},
  author={Kimeldorf, George S and Wahba, Grace},
  journal={The Annals of Mathematical Statistics},
  volume={41},
  number={2},
  pages={495--502},
  year={1970},
  publisher={JSTOR}
}

@incollection{oksendal2003stochastic,
  title={Stochastic differential equations},
  author={{\O}ksendal, Bernt},
  booktitle={Stochastic differential equations},
  pages={65--84},
  year={2003},
  publisher={Springer}
}

@book{gupta2018matrix,
  title={Matrix variate distributions},
  author={Gupta, Arjun K and Nagar, Daya K},
  year={2018},
  publisher={Chapman and Hall/CRC}
}


@article{virtanen2020scipy,
  title={SciPy 1.0: fundamental algorithms for scientific computing in Python},
  author={Virtanen, Pauli and Gommers, Ralf and Oliphant, Travis E and Haberland, Matt and Reddy, Tyler and Cournapeau, David and Burovski, Evgeni and Peterson, Pearu and Weckesser, Warren and Bright, Jonathan and others},
  journal={Nature methods},
  volume={17},
  number={3},
  pages={261--272},
  year={2020},
  publisher={Nature Publishing Group}
}

%%%%%%%%%% %%%%%%%%%% %%%%%%%%%% %%%%%%%%%% %%%%%%%%%% %%%%%%%%%% %%%%%%%%%% %%%%%%%%%% %%%%%%%%%% 
%%%%%%%%%% %%%%%%%%%% %%%%%%%%%% %%%%%%%%%% %%%%%%%%%% %%%%%%%%%% %%%%%%%%%% %%%%%%%%%% %%%%%%%%%% 
% books

@book{wainwright2008graphical,
  title={Graphical models, exponential families, and variational inference},
  author={Wainwright, Martin J and Jordan, Michael Irwin},
  year={2008},
  publisher={Now Publishers Inc}
}

@book{folland2013real,
  title={Real analysis: modern techniques and their applications},
  author={Folland, Gerald B},
  year={2013},
  publisher={John Wiley \& Sons}
}


@book{graybook,
    author={Gray, Robert M.},
    title={Entropy and Infomation Theory},
    year={2011},
    publisher={Springer},
}


@book{shoham2008multiagent,
  title={Multiagent systems: Algorithmic, game-theoretic, and logical foundations},
  author={Shoham, Yoav and Leyton-Brown, Kevin},
  year={2008},
  publisher={Cambridge University Press}
}

@book{horn2012matrix,
  title={Matrix analysis},
  author={Horn, Roger A and Johnson, Charles R},
  year={2012},
  publisher={Cambridge university press}
}

@article{devore1998nonlinear,
  title={Nonlinear approximation},
  author={DeVore, Ronald A},
  journal={Acta numerica},
  volume={7},
  pages={51--150},
  year={1998},
  publisher={Cambridge University Press}
}