
%%%%%%%%%% %%%%%%%%%% %%%%%%%%%% %%%%%%%%%% %%%%%%%%%% %%%%%%%%%% %%%%%%%%%% %%%%%%%%%% %%%%%%%%%% 
%%%%%%%%%% %%%%%%%%%% %%%%%%%%%% %%%%%%%%%% %%%%%%%%%% %%%%%%%%%% %%%%%%%%%% %%%%%%%%%% %%%%%%%%%% 
% neural networks

@article{peterson1987mean,
  title={A mean field theory learning algorithm for neural networks},
  author={Peterson, Carsten},
  journal={Complex systems},
  volume={1},
  pages={995--1019},
  year={1987}
}


@inproceedings{louizos2017bayesian,
  title={Bayesian compression for deep learning},
  author={Louizos, Christos and Ullrich, Karen and Welling, Max},
  booktitle={Advances in Neural Information Processing Systems},
  pages={3288--3298},
  year={2017}
}

@article{chen1991orthogonal,
  title={Orthogonal least squares learning algorithm for radial basis function networks},
  author={Chen, Sheng and Cowan, Colin FN and Grant, Peter M},
  journal={IEEE Transactions on neural networks},
  volume={2},
  number={2},
  pages={302--309},
  year={1991}
}

@article{park1991universal,
  title={Universal approximation using radial-basis-function networks},
  author={Park, Jooyoung and Sandberg, Irwin W},
  journal={Neural computation},
  volume={3},
  number={2},
  pages={246--257},
  year={1991},
  publisher={MIT Press}
}

@article{he2018relu,
  title={Relu deep neural networks and linear finite elements},
  author={He, Juncai and Li, Lin and Xu, Jinchao and Zheng, Chunyue},
  journal={arXiv preprint arXiv:1807.03973},
  year={2018}
}

@article{ramachandran2017searching,
  title={Searching for activation functions},
  author={Ramachandran, Prajit and Zoph, Barret and Le, Quoc V},
  journal={arXiv preprint arXiv:1710.05941},
  year={2017}
}

@inproceedings{zhang2017convexified,
  title={Convexified convolutional neural networks},
  author={Zhang, Yuchen and Liang, Percy and Wainwright, Martin J},
  booktitle={Proceedings of the 34th International Conference on Machine Learning-Volume 70},
  pages={4044--4053},
  year={2017},
  organization={JMLR. org}
}

@inproceedings{zhang2016l1,
  title={l1-regularized neural networks are improperly learnable in polynomial time},
  author={Zhang, Yuchen and Lee, Jason D and Jordan, Michael I},
  booktitle={International Conference on Machine Learning},
  pages={993--1001},
  year={2016}
}

@inproceedings{daniely2016toward,
  title={Toward deeper understanding of neural networks: The power of initialization and a dual view on expressivity},
  author={Daniely, Amit and Frostig, Roy and Singer, Yoram},
  booktitle={Advances In Neural Information Processing Systems},
  pages={2253--2261},
  year={2016}
}

@inproceedings{mhammedi2017efficient,
  title={Efficient orthogonal parametrisation of recurrent neural networks using householder reflections},
  author={Mhammedi, Zakaria and Hellicar, Andrew and Rahman, Ashfaqur and Bailey, James},
  booktitle={Proceedings of the 34th International Conference on Machine Learning-Volume 70},
  pages={2401--2409},
  year={2017},
  organization={JMLR. org}
}

@article{matsunaga2019exploring,
  title={Exploring Graph Neural Networks for Stock Market Predictions with Rolling Window Analysis},
  author={Matsunaga, Daiki and Suzumura, Toyotaro and Takahashi, Toshihiro},
  journal={arXiv preprint arXiv:1909.10660},
  year={2019}
}

@article{cho2011analysis,
  title={Analysis and extension of arc-cosine kernels for large margin classification},
  author={Cho, Youngmin and Saul, Lawrence K},
  journal={arXiv preprint arXiv:1112.3712},
  year={2011}
}

@article{rusu2018meta,
  title={Meta-learning with latent embedding optimization},
  author={Rusu, Andrei A and Rao, Dushyant and Sygnowski, Jakub and Vinyals, Oriol and Pascanu, Razvan and Osindero, Simon and Hadsell, Raia},
  journal={arXiv preprint arXiv:1807.05960},
  year={2018}
}

@article{rusu2016progressive,
  title={Progressive neural networks},
  author={Rusu, Andrei A and Rabinowitz, Neil C and Desjardins, Guillaume and Soyer, Hubert and Kirkpatrick, James and Kavukcuoglu, Koray and Pascanu, Razvan and Hadsell, Raia},
  journal={arXiv preprint arXiv:1606.04671},
  year={2016}
}

@article{duncker2020organizing,
  title={Organizing recurrent network dynamics by task-computation to enable continual learning},
  author={Duncker, Lea and Driscoll, Laura and Shenoy, Krishna V and Sahani, Maneesh and Sussillo, David},
  journal={Advances in Neural Information Processing Systems},
  volume={33},
  year={2020}
}

@inproceedings{farajtabar2020orthogonal,
  title={Orthogonal gradient descent for continual learning},
  author={Farajtabar, Mehrdad and Azizan, Navid and Mott, Alex and Li, Ang},
  booktitle={International Conference on Artificial Intelligence and Statistics},
  pages={3762--3773},
  year={2020},
  organization={PMLR}
}

@inproceedings{rebuffi2017icarl,
  title={icarl: Incremental classifier and representation learning},
  author={Rebuffi, Sylvestre-Alvise and Kolesnikov, Alexander and Sperl, Georg and Lampert, Christoph H},
  booktitle={Proceedings of the IEEE conference on Computer Vision and Pattern Recognition},
  pages={2001--2010},
  year={2017}
}

@article{zeng2019continual,
  title={Continual learning of context-dependent processing in neural networks},
  author={Zeng, Guanxiong and Chen, Yang and Cui, Bo and Yu, Shan},
  journal={Nature Machine Intelligence},
  volume={1},
  number={8},
  pages={364--372},
  year={2019},
  publisher={Nature Publishing Group}
}
@inproceedings{finn2017model,
  title={Model-agnostic meta-learning for fast adaptation of deep networks},
  author={Finn, Chelsea and Abbeel, Pieter and Levine, Sergey},
  booktitle={Proceedings of the 34th International Conference on Machine Learning-Volume 70},
  pages={1126--1135},
  year={2017},
  organization={JMLR. org}
}

@article{gordon2018meta,
  title={Meta-learning probabilistic inference for prediction},
  author={Gordon, Jonathan and Bronskill, John and Bauer, Matthias and Nowozin, Sebastian and Turner, Richard E},
  journal={arXiv preprint arXiv:1805.09921},
  year={2018}
}

@inproceedings{nguyen2020uncertainty,
  title={Uncertainty in model-agnostic meta-learning using variational inference},
  author={Nguyen, Cuong and Do, Thanh-Toan and Carneiro, Gustavo},
  booktitle={The IEEE Winter Conference on Applications of Computer Vision},
  pages={3090--3100},
  year={2020}
}

@inproceedings{requeima2019fast,
  title={Fast and flexible multi-task classification using conditional neural adaptive processes},
  author={Requeima, James and Gordon, Jonathan and Bronskill, John and Nowozin, Sebastian and Turner, Richard E},
  booktitle={Advances in Neural Information Processing Systems},
  pages={7957--7968},
  year={2019}
}


@article{belkin2018understand,
  title={To understand deep learning we need to understand kernel learning},
  author={Belkin, Mikhail and Ma, Siyuan and Mandal, Soumik},
  journal={arXiv preprint arXiv:1802.01396},
  year={2018}
}
@article{gordon2020convolutional,
  title={Convolutional Conditional Neural Processes},
  author={Gordon, Jonathan and Bruinsma, Wessel and Foong, Andrew YK and Requeima, James and Dubois, Yann and Turner, Richard E},
  year={2020}
}

@article{choi2019meta,
  title={Meta-amortized variational inference and learning},
  author={Choi, Kristy and Wu, Mike and Goodman, Noah and Ermon, Stefano},
  journal={arXiv preprint arXiv:1902.01950},
  year={2019}
}

@inproceedings{
benjamin2018measuring,
title={Measuring and regularizing networks in function space},
author={Ari Benjamin and David Rolnick and Konrad Kording},
booktitle={International Conference on Learning Representations},
year={2019},
url={https://openreview.net/forum?id=SkMwpiR9Y7},
}

@article{kirkpatrick2017overcoming,
  title={Overcoming catastrophic forgetting in neural networks},
  author={Kirkpatrick, James and Pascanu, Razvan and Rabinowitz, Neil and Veness, Joel and Desjardins, Guillaume and Rusu, Andrei A and Milan, Kieran and Quan, John and Ramalho, Tiago and Grabska-Barwinska, Agnieszka and others},
  journal={Proceedings of the national academy of sciences},
  volume={114},
  number={13},
  pages={3521--3526},
  year={2017},
  publisher={National Acad Sciences}
}

@inproceedings{chaudhry2018riemannian,
  title={Riemannian walk for incremental learning: Understanding forgetting and intransigence},
  author={Chaudhry, Arslan and Dokania, Puneet K and Ajanthan, Thalaiyasingam and Torr, Philip HS},
  booktitle={Proceedings of the European Conference on Computer Vision (ECCV)},
  pages={532--547},
  year={2018}
}

@inproceedings{ritter2018online,
  title={Online structured laplace approximations for overcoming catastrophic forgetting},
  author={Ritter, Hippolyt and Botev, Aleksandar and Barber, David},
  booktitle={Advances in Neural Information Processing Systems},
  pages={3738--3748},
  year={2018}
}

@inproceedings{pan2020continual,
 author = {Pan, Pingbo and Swaroop, Siddharth and Immer, Alexander and Eschenhagen, Runa and Turner, Richard and Khan, Mohammad Emtiyaz E},
 booktitle = {Advances in Neural Information Processing Systems},
 title = {Continual Deep Learning by Functional Regularisation of Memorable Past},
 year = {2020}
}

@article{swaroop2019improving,
  title={Improving and understanding variational continual learning},
  author={Swaroop, Siddharth and Nguyen, Cuong V and Bui, Thang D and Turner, Richard E},
  journal={arXiv preprint arXiv:1905.02099},
  year={2019}
}

@article{mirzadeh2020understanding,
  title={Understanding the role of training regimes in continual learning},
  author={Mirzadeh, Seyed Iman and Farajtabar, Mehrdad and Pascanu, Razvan and Ghasemzadeh, Hassan},
  journal={arXiv preprint arXiv:2006.06958},
  year={2020}
}

@article{amari1998natural,
  title={Natural gradient works efficiently in learning},
  author={Amari, Shun-Ichi},
  journal={Neural computation},
  volume={10},
  number={2},
  pages={251--276},
  year={1998},
  publisher={MIT Press}
}

@article{aljundi2019gradient,
  title={Gradient based sample selection for online continual learning.},
  author={Aljundi, Rahaf and Lin, Min and Goujaud, Baptiste and Bengio, Yoshua},
  journal={NeurIPS},
  pages={11816--11825},
  year={2019},
  publisher={Neural Information Processing Systems Foundation, Inc.(NIPS)}
}

@article{borsos2020coresets,
  title={Coresets via Bilevel Optimization for Continual Learning and Streaming},
  author={Borsos, Zal{\'a}n and Mutny, Mojmir and Krause, Andreas},
  journal={Advances in Neural Information Processing Systems},
  volume={33},
  year={2020}
}

@article{lee2017overcoming,
  title={Overcoming Catastrophic Forgetting by Incremental Moment Matching},
  author={Lee, Sang-Woo and Kim, Jin-Hwa and Jun, Jaehyun and Ha, Jung-Woo and Zhang, Byoung-Tak},
  journal={Advances in Neural Information Processing Systems},
  volume={30},
  pages={4652--4662},
  year={2017}
}

@inproceedings{
nguyen2017variational,
title={Variational Continual Learning},
author={Cuong V. Nguyen and Yingzhen Li and Thang D. Bui and Richard E. Turner},
booktitle={International Conference on Learning Representations},
year={2018},
url={https://openreview.net/forum?id=BkQqq0gRb},
}

@article{titsias2019functional,
  title={Functional Regularisation for Continual Learning with Gaussian Processes},
  author={Titsias, Michalis K and Schwarz, Jonathan and Matthews, Alexander G de G and Pascanu, Razvan and Teh, Yee Whye},
  journal={arXiv preprint arXiv:1901.11356},
  year={2019}
}

@article{kapoor2020variational,
  title={Variational Auto-Regressive Gaussian Processes for Continual Learning},
  author={Kapoor, Sanyam and Karaletsos, Theofanis and Bui, Thang D},
  journal={arXiv preprint arXiv:2006.05468},
  year={2020}
}

@inproceedings{snell2017prototypical,
  title={Prototypical networks for few-shot learning},
  author={Snell, Jake and Swersky, Kevin and Zemel, Richard},
  booktitle={Proceedings of the 31st International Conference on Neural Information Processing Systems},
  pages={4080--4090},
  year={2017}
}

@article{french1999catastrophic,
  title={Catastrophic forgetting in connectionist networks},
  author={French, Robert M},
  journal={Trends in cognitive sciences},
  volume={3},
  number={4},
  pages={128--135},
  year={1999},
  publisher={Elsevier}
}

@article{ghorbani2020neural,
  title={When do neural networks outperform kernel methods?},
  author={Ghorbani, Behrooz and Mei, Song and Misiakiewicz, Theodor and Montanari, Andrea},
  journal={Advances in Neural Information Processing Systems},
  volume={33},
  year={2020}
}

@inproceedings{arora2019fine,
  title={Fine-Grained Analysis of Optimization and Generalization for Overparameterized Two-Layer Neural Networks},
  author={Arora, Sanjeev and Du, Simon and Hu, Wei and Li, Zhiyuan and Wang, Ruosong},
  booktitle={International Conference on Machine Learning},
  pages={322--332},
  year={2019}
}

@article{guo2020improved,
  title={Improved Schemes for Episodic Memory-based Lifelong Learning},
  author={Guo, Yunhui and Liu, Mingrui and Yang, Tianbao and Rosing, Tajana},
  journal={Advances in Neural Information Processing Systems},
  volume={33},
  year={2020}
}

@inproceedings{schwarz2018progress,
  title={Progress \& Compress: A scalable framework for continual learning},
  author={Schwarz, Jonathan and Czarnecki, Wojciech and Luketina, Jelena and Grabska-Barwinska, Agnieszka and Teh, Yee Whye and Pascanu, Razvan and Hadsell, Raia},
  booktitle={International Conference on Machine Learning},
  pages={4528--4537},
  year={2018}
}

@inproceedings{aljundi2018memory,
  title={Memory aware synapses: Learning what (not) to forget},
  author={Aljundi, Rahaf and Babiloni, Francesca and Elhoseiny, Mohamed and Rohrbach, Marcus and Tuytelaars, Tinne},
  booktitle={Proceedings of the European Conference on Computer Vision (ECCV)},
  pages={139--154},
  year={2018}
}


@article{ratcliff1990connectionist,
  title={Connectionist models of recognition memory: constraints imposed by learning and forgetting functions.},
  author={Ratcliff, Roger},
  journal={Psychological review},
  volume={97},
  number={2},
  pages={285},
  year={1990},
  publisher={American Psychological Association}
}

@article{robins1995catastrophic,
  title={Catastrophic forgetting, rehearsal and pseudorehearsal},
  author={Robins, Anthony},
  journal={Connection Science},
  volume={7},
  number={2},
  pages={123--146},
  year={1995},
  publisher={Taylor \& Francis}
}

@inproceedings{buzzega2020dark,
 author = {Buzzega, Pietro and Boschini, Matteo and Porrello, Angelo and Abati, Davide and CALDERARA, SIMONE},
 booktitle = {Advances in Neural Information Processing Systems},
 title = {Dark Experience for General Continual Learning: a Strong, Simple Baseline},
 year = {2020}
}

@inproceedings{chrysakis2020online,
  title={Online continual learning from imbalanced data},
  author={Chrysakis, Aristotelis and Moens, Marie-Francine},
  booktitle={International Conference on Machine Learning},
  pages={1952--1961},
  year={2020},
  organization={PMLR}
}


@article{legg2007universal,
  title={Universal intelligence: A definition of machine intelligence},
  author={Legg, Shane and Hutter, Marcus},
  journal={Minds and machines},
  volume={17},
  number={4},
  pages={391--444},
  year={2007},
  publisher={Springer}
}



@article{riemer2018learning,
  title={Learning to learn without forgetting by maximizing transfer and minimizing interference},
  author={Riemer, Matthew and Cases, Ignacio and Ajemian, Robert and Liu, Miao and Rish, Irina and Tu, Yuhai and Tesauro, Gerald},
  journal={arXiv preprint arXiv:1810.11910},
  year={2018}
}

@article{chaudhry2020using,
  title={Using hindsight to anchor past knowledge in continual learning},
  author={Chaudhry, Arslan and Gordo, Albert and Dokania, Puneet K and Torr, Philip and Lopez-Paz, David},
  journal={arXiv preprint arXiv:2002.08165},
  year={2020}
}

@inproceedings{lopez2017gradient,
  title={Gradient episodic memory for continual learning},
  author={Lopez-Paz, David and Ranzato, Marc'Aurelio},
  booktitle={Proceedings of the 31st International Conference on Neural Information Processing Systems},
  pages={6470--6479},
  year={2017}
}

@inproceedings{
chaudhry2018efficient,
title={Efficient Lifelong Learning with A-{GEM}},
author={Arslan Chaudhry and Marc’Aurelio Ranzato and Marcus Rohrbach and Mohamed Elhoseiny},
booktitle={International Conference on Learning Representations},
year={2019},
}

@inproceedings{zenke2017continual,
  title={Continual learning through synaptic intelligence},
  author={Zenke, Friedemann and Poole, Ben and Ganguli, Surya},
  booktitle={International Conference on Machine Learning},
  pages={3987--3995},
  year={2017},
  organization={PMLR}
}


@article{schraudolph2002fast,
  title={Fast curvature matrix-vector products for second-order gradient descent},
  author={Schraudolph, Nicol N},
  journal={Neural computation},
  volume={14},
  number={7},
  pages={1723--1738},
  year={2002},
  publisher={MIT Press}
}

@article{amari2001information,
  title={Information geometry on hierarchy of probability distributions},
  author={Amari, S-I},
  journal={IEEE transactions on information theory},
  volume={47},
  number={5},
  pages={1701--1711},
  year={2001},
  publisher={IEEE}
}



@article{martens2020new,
  title={New Insights and Perspectives on the Natural Gradient Method},
  author={Martens, James},
  journal={Journal of Machine Learning Research},
  volume={21},
  number={146},
  pages={1--76},
  year={2020}
}

@inproceedings{nguyen2020dataset,
  title={Dataset Meta-Learning from Kernel Ridge-Regression},
  author={Nguyen, Timothy and Chen, Zhourong and Lee, Jaehoon},
  booktitle={International Conference on Learning Representations},
  year={2020}
}