
%%%%%%%%%% %%%%%%%%%% %%%%%%%%%% %%%%%%%%%% %%%%%%%%%% %%%%%%%%%% %%%%%%%%%% %%%%%%%%%% %%%%%%%%%% 
%%%%%%%%%% %%%%%%%%%% %%%%%%%%%% %%%%%%%%%% %%%%%%%%%% %%%%%%%%%% %%%%%%%%%% %%%%%%%%%% %%%%%%%%%% 
% BNN

@article{mackay1992practical,
  title={A practical {B}ayesian framework for backpropagation networks},
  author={MacKay, David JC},
  journal={Neural Computation},
  volume={4},
  pages={448--472},
  year={1992},
  publisher={MIT Press}
}

@inproceedings{lakshminarayanan2017simple,
  title={Simple and scalable predictive uncertainty estimation using deep ensembles},
  author={Lakshminarayanan, Balaji and Pritzel, Alexander and Blundell, Charles},
  booktitle={Advances in Neural Information Processing Systems},
  pages={6402--6413},
  year={2017}
}

@inproceedings{louizos2016structured,
  title={Structured and efficient variational deep learning with matrix {G}aussian posteriors},
  author={Louizos, Christos and Welling, Max},
  booktitle={International Conference on Machine Learning},
  pages={1708--1716},
  year={2016}
}

@inproceedings{hernandez2015probabilistic,
  title={Probabilistic backpropagation for scalable learning of {B}ayesian neural networks},
  author={Hern{\'a}ndez-Lobato, Jos{\'e} Miguel and Adams, Ryan},
  booktitle={International Conference on Machine Learning},
  pages={1861--1869},
  year={2015}
}


@inproceedings{kingma2015variational,
  title={Variational dropout and the local reparameterization trick},
  author={Kingma, Diederik P and Salimans, Tim and Welling, Max},
  booktitle={Advances in Neural Information Processing Systems},
  pages={2575--2583},
  year={2015}
}

@inproceedings{graves2011practical,
  title={Practical variational inference for neural networks},
  author={Graves, Alex},
  booktitle={Advances in Neural Information Processing Systems},
  pages={2348--2356},
  year={2011}
}

@inproceedings{balan2015bayesian,
  title={Bayesian dark knowledge},
  author={Balan, Anoop Korattikara and Rathod, Vivek and Murphy, Kevin P and Welling, Max},
  booktitle={Advances in Neural Information Processing Systems},
  pages={3438--3446},
  year={2015}
}



@inproceedings{hinton1993keeping,
  title={Keeping the neural networks simple by minimizing the description length of the weights},
  author={Hinton, Geoffrey E and Van Camp, Drew},
  booktitle={Conference on Computational Learning Theory},
  pages={5--13},
  year={1993}
}

@inproceedings{blundell2015weight,
  title={Weight Uncertainty in Neural Network},
  author={Blundell, Charles and Cornebise, Julien and Kavukcuoglu, Koray and Wierstra, Daan},
  booktitle={International Conference on Machine Learning},
  pages={1613--1622},
  year={2015}
}


@inproceedings{sun2017learning,
  title={Learning Structured Weight Uncertainty in {B}ayesian Neural Networks},
  author={Sun, Shengyang and Chen, Changyou and Carin, Lawrence},
  booktitle={Artificial Intelligence and Statistics},
  pages={1283--1292},
  year={2017}
}

@inproceedings{louizos2017multiplicative,
  title={Multiplicative Normalizing Flows for Variational {B}ayesian Neural Networks},
  author={Louizos, Christos and Welling, Max},
  booktitle={International Conference on Machine Learning},
  pages={2218--2227},
  year={2017}
}

% variational inference 
@inproceedings{rezende2015variational,
  title={Variational Inference with Normalizing Flows},
  author={Rezende, Danilo and Mohamed, Shakir},
  booktitle={International Conference on Machine Learning},
  pages={1530--1538},
  year={2015}
}



@InProceedings{zhang2017noisy,
    title = 	 {Noisy Natural Gradient as Variational Inference},
    author = 	 {Zhang, Guodong and Sun, Shengyang and Duvenaud, David and Grosse, Roger},
    booktitle = 	 {International Conference on Machine Learning},
    pages = 	 {5852--5861},
    year = 	 {2018}
}


%%%%%%%%%% %%%%%%%%%% %%%%%%%%%% %%%%%%%%%% %%%%%%%%%% %%%%%%%%%% %%%%%%%%%% %%%%%%%%%% %%%%%%%%%% 
%%%%%%%%%% %%%%%%%%%% %%%%%%%%%% %%%%%%%%%% %%%%%%%%%% %%%%%%%%%% %%%%%%%%%% %%%%%%%%%% %%%%%%%%%% 
% Bayesian 

@misc{asuncion2007uci,
  title={{UCI} machine learning repository},
  author={Asuncion, Arthur and Newman, David},
  year={2007}
}

@article{nasrabadi2007pattern,
  title={Pattern recognition and machine learning},
  author={Nasrabadi, Nasser M},
  journal={Journal of electronic imaging},
  volume={16},
  number={4},
  pages={049901},
  year={2007},
  publisher={International Society for Optics and Photonics}
}

@article{mackay1992bayesian,
  title={Bayesian interpolation},
  author={MacKay, David JC},
  journal={Neural computation},
  volume={4},
  number={3},
  pages={415--447},
  year={1992},
  publisher={MIT Press}
}


@article{neal2011mcmc,
  title={{MCMC} using {H}amiltonian dynamics},
  author={Neal, Radford M and others},
  journal={Handbook of Markov Chain Monte Carlo},
  volume={2},
  number={11},
  year={2011},
  publisher={CRC Press New York, NY}
}

@article{ghahramani2015probabilistic,
  title={Probabilistic machine learning and artificial intelligence},
  author={Ghahramani, Zoubin},
  journal={Nature},
  volume={521},
  number={7553},
  pages={452},
  year={2015},
  publisher={Nature Publishing Group}
}

@inproceedings{rasmussen2001occam,
  title={Occam's razor},
  author={Rasmussen, Carl Edward and Ghahramani, Zoubin},
  booktitle={Advances in Neural Information Processing Systems},
  pages={294--300},
  year={2001}
}


%%%%%%%%%% %%%%%%%%%% %%%%%%%%%% %%%%%%%%%% %%%%%%%%%% %%%%%%%%%% %%%%%%%%%% %%%%%%%%%% %%%%%%%%%% 
%%%%%%%%%% %%%%%%%%%% %%%%%%%%%% %%%%%%%%%% %%%%%%%%%% %%%%%%%%%% %%%%%%%%%% %%%%%%%%%% %%%%%%%%%% 
% neural networks

@article{peterson1987mean,
  title={A mean field theory learning algorithm for neural networks},
  author={Peterson, Carsten},
  journal={Complex systems},
  volume={1},
  pages={995--1019},
  year={1987}
}

@inproceedings{guo2017calibration,
  title={On Calibration of Modern Neural Networks},
  author={Guo, Chuan and Pleiss, Geoff and Sun, Yu and Weinberger, Kilian Q},
  booktitle={International Conference on Machine Learning},
  pages={1321--1330},
  year={2017}
}

%%%%%%%%%% %%%%%%%%%% %%%%%%%%%% %%%%%%%%%% %%%%%%%%%% %%%%%%%%%% %%%%%%%%%% %%%%%%%%%% %%%%%%%%%% 
%%%%%%%%%% %%%%%%%%%% %%%%%%%%%% %%%%%%%%%% %%%%%%%%%% %%%%%%%%%% %%%%%%%%%% %%%%%%%%%% %%%%%%%%%% 
% variational inference 

@article{kingma2013auto,
  title={Auto-encoding variational {B}ayes},
  author={Kingma, Diederik P and Welling, Max},
  journal={arXiv preprint arXiv:1312.6114},
  year={2013}
}

@inproceedings{roeder2017sticking,
    title={Sticking the landing: Simple, lower-variance gradient estimators for variational inference},
    author={Roeder, Geoffrey and Wu, Yuhuai and Duvenaud, David K},
    booktitle={Advances in Neural Information Processing Systems},
    pages={6925--6934},
    year={2017}
}

@inproceedings{
    shi2017kernel,
    title={Kernel Implicit Variational Inference},
    author={Jiaxin Shi and Shengyang Sun and Jun Zhu},
    booktitle={International Conference on Learning Representations},
    year={2018}
}


@inproceedings{mescheder2017adversarial,
  title={Adversarial Variational Bayes: Unifying Variational Autoencoders and Generative Adversarial Networks},
  author={Mescheder, Lars and Nowozin, S and Geiger, Andreas},
  booktitle={International Conference on Machine Learning},
  pages={2391--2400},
  year={2017},
  organization={PMLR}
}

@article{huszar2017variational,
  title={Variational inference using implicit distributions},
  author={Husz{\'a}r, Ferenc},
  journal={arXiv preprint arXiv:1702.08235},
  year={2017}
}

@article{shi2018spectral,
	title={A Spectral Approach to Gradient Estimation for Implicit Distributions},
	author={Shi, Jiaxin and Sun, Shengyang and Zhu, Jun},
	journal={International Conference on Machine Learning},
	year={2018}
}

@inproceedings{liu2016kernelized,
	title={A kernelized {S}tein discrepancy for goodness-of-fit tests},
	author={Liu, Qiang and Lee, Jason and Jordan, Michael},
	booktitle={International Conference on Machine Learning},
	pages={276--284},
	year={2016}
}



%%%%%%%%%% %%%%%%%%%% %%%%%%%%%% %%%%%%%%%% %%%%%%%%%% %%%%%%%%%% %%%%%%%%%% %%%%%%%%%% %%%%%%%%%% 
%%%%%%%%%% %%%%%%%%%% %%%%%%%%%% %%%%%%%%%% %%%%%%%%%% %%%%%%%%%% %%%%%%%%%% %%%%%%%%%% %%%%%%%%%% 
% gp

@article{nystrom1930praktische,
	title={{\"U}ber die praktische Aufl{\"o}sung von Integralgleichungen mit Anwendungen auf Randwertaufgaben},
	author={Nystr{\"o}m, Evert J},
	journal={Acta Mathematica},
	volume={54},
	number={1},
	pages={185--204},
	year={1930},
	publisher={Springer}
}

@book{baker1997numerical,
	title={The Numerical Treatment of Integral Equations},
	author={Baker, Christopher T.},
	year={1997},
	publisher={Clarendon Press, Oxford}
}

@inproceedings{williams2001using,
	title={Using the {N}ystr{\"o}m method to speed up kernel machines},
	author={Williams, Christopher KI and Seeger, Matthias},
	booktitle={Advances in Neural Information Processing Systems},
	pages={682--688},
	year={2001}
}

@book{rasmussen2006gaussian,
	title={Gaussian Processes for Machine Learning},
	author={Rasmussen, Carl Edward and Williams, Christopher KI},
	year={2006},
	publisher={MIT Press}
}

@article{quia2010sparse,
  title={Sparse spectrum {Gaussian} process regression},
  author={L\'azaro-Gredilla, Miguel and Qui\~nonero-Candela, Joaquin and Rasmussen, Carl Edward and Figueiras-Vidal, An\'ibal R},
  journal={Journal of Machine Learning Research},
  volume={11},
  number={Jun},
  pages={1865--1881},
  year={2010}
}


@inproceedings{snelson2006sparse,
  title={Sparse {Gaussian} processes using pseudo-inputs},
  author={Snelson, Edward and Ghahramani, Zoubin},
  booktitle={Advances in Neural Information Processing Systems},
  pages={1257--1264},
  year={2006}
}

@inproceedings{titsias2009variational,
  title={Variational learning of inducing variables in sparse {Gaussian} processes},
  author={Titsias, Michalis},
  booktitle={Artificial Intelligence and Statistics},
  pages={567--574},
  year={2009}
}

@inproceedings{hensman2013gaussian,
  title={Gaussian Processes for Big Data},
  author={Hensman, James and Fusi, Nicolo and Lawrence, Neil D},
  booktitle={Uncertainty in Artificial Intelligence},
  pages={282},
  year={2013}
}
@inproceedings{hensman2015scalable,
    title={Scalable Variational {G}aussian Process Classification},
    author={Hensman, James and Matthews, Alexander and Ghahramani, Zoubin},
    booktitle={Artificial Intelligence and Statistics},
    pages={351--360},
    year={2015}
}

@inproceedings{rahimi2008random,
  title={Random features for large-scale kernel machines},
  author={Rahimi, Ali and Recht, Benjamin},
  booktitle={Advances in Neural Information Processing Systems},
  pages={1177--1184},
  year={2008}
}

@inproceedings{le2013fastfood,
  title={Fastfood --- approximating kernel expansions in loglinear time},
  author={Le, Quoc and Sarl{\'o}s, Tam{\'a}s and Smola, Alex},
  booktitle={International Conference on Machine Learning},
  volume={85},
  year={2013}
}

@inproceedings{wilson2015kernel,
  title={Kernel interpolation for scalable structured {G}aussian processes ({KISS}-{GP})},
  author={Wilson, Andrew and Nickisch, Hannes},
  booktitle={International Conference on Machine Learning},
  pages={1775--1784},
  year={2015}
}

@inproceedings{wilson2014fast,
  title={Fast kernel learning for multidimensional pattern extrapolation},
  author={Wilson, Andrew G and Gilboa, Elad and Nehorai, Arye and Cunningham, John P},
  booktitle={Advances in Neural Information Processing Systems},
  pages={3626--3634},
  year={2014}
}

@InProceedings{sun2018differentiable,
    title = 	 {Differentiable Compositional Kernel Learning for {G}aussian Processes},
    author = 	 {Sun, Shengyang and Zhang, Guodong and Wang, Chaoqi and Zeng, Wenyuan and Li, Jiaman and Grosse, Roger},
    booktitle = 	 {International Conference on Machine Learning},
    pages = 	 {4828--4837},
    year = 	 {2018},
}



%%%%%%%%%% %%%%%%%%%% %%%%%%%%%% %%%%%%%%%% %%%%%%%%%% %%%%%%%%%% %%%%%%%%%% %%%%%%%%%% %%%%%%%%%% 
%%%%%%%%%% %%%%%%%%%% %%%%%%%%%% %%%%%%%%%% %%%%%%%%%% %%%%%%%%%% %%%%%%%%%% %%%%%%%%%% %%%%%%%%%% 
% functional
@inproceedings{flam2017mapping,
  title={Mapping {G}aussian Process Priors to {B}ayesian Neural Networks},
  author={Flam-Shepherd, Daniel and Requeima, James and Duvenaud, David},
  booktitle={NIPS Bayesian deep learning workshop},
  year={2017}
}

@article{ma2018variational,
  title={Variational Implicit Processes},
  author={Ma, Chao and Li, Yingzhen and Hern{\'a}ndez-Lobato, Jos{\'e} Miguel},
  journal={arXiv preprint arXiv:1806.02390},
  year={2018}
}

@article{hafner2018reliable,
  title={Reliable Uncertainty Estimates in Deep Neural Networks using Noise Contrastive Priors},
  author={Hafner, Danijar and Tran, Dustin and Irpan, Alex and Lillicrap, Timothy and Davidson, James},
  journal={arXiv preprint arXiv:1807.09289},
  year={2018}
}

@ARTICLE{2018arXiv180701622G,
   author = {{Garnelo}, M. and {Schwarz}, J. and {Rosenbaum}, D. and {Viola}, F. and 
	{Rezende}, D.~J. and {Eslami}, S.~M.~A. and {Whye Teh}, Y.},
    title = "Neural processes",
  journal = {arXiv preprint arXiv:1807.01622},
     year = 2018,
}


@inproceedings{shah2014student,
  title={Student-t processes as alternatives to {G}aussian processes},
  author={Shah, Amar and Wilson, Andrew and Ghahramani, Zoubin},
  booktitle={Artificial Intelligence and Statistics},
  pages={877--885},
  year={2014}
}


@article{sun2019functional,
  title={Functional Variational Bayesian Neural Networks},
  author={Sun, Shengyang and Zhang, Guodong and Shi, Jiaxin and Grosse, Roger},
  journal={arXiv preprint arXiv:1903.05779},
  year={2019}
}

%%%%%%%%%% %%%%%%%%%% %%%%%%%%%% %%%%%%%%%% %%%%%%%%%% %%%%%%%%%% %%%%%%%%%% %%%%%%%%%% %%%%%%%%%% 
%%%%%%%%%% %%%%%%%%%% %%%%%%%%%% %%%%%%%%%% %%%%%%%%%% %%%%%%%%%% %%%%%%%%%% %%%%%%%%%% %%%%%%%%%% 
% gan 

@article{arjovsky2017towards,
  title={Towards principled methods for training generative adversarial networks},
  author={Arjovsky, Martin and Bottou, L{\'e}on},
  journal={arXiv preprint arXiv:1701.04862},
  year={2017}
}

@article{sonderby2016amortised,
	title={Amortised map inference for image super-resolution},
	author={S{\o}nderby, Casper Kaae and Caballero, Jose and Theis, Lucas and Shi, Wenzhe and Husz{\'a}r, Ferenc},
	journal={arXiv preprint arXiv:1610.04490},
	year={2016}
}
@inproceedings{goodfellow2014generative,
  title={Generative adversarial nets},
  author={Goodfellow, Ian and Pouget-Abadie, Jean and Mirza, Mehdi and Xu, Bing and Warde-Farley, David and Ozair, Sherjil and Courville, Aaron and Bengio, Yoshua},
  booktitle={Advances in Neural Information Processing Systems},
  pages={2672--2680},
  year={2014}
}

@inproceedings{arjovsky2017wasserstein,
  title={Wasserstein generative adversarial networks},
  author={Arjovsky, Martin and Chintala, Soumith and Bottou, L{\'e}on},
  booktitle={International Conference on Machine Learning},
  pages={214--223},
  year={2017}
}

@inproceedings{li2017mmd,
  title={MMD GAN: Towards deeper understanding of moment matching network},
  author={Li, Chun-Liang and Chang, Wei-Cheng and Cheng, Yu and Yang, Yiming and P{\'o}czos, Barnab{\'a}s},
  booktitle={Advances in Neural Information Processing Systems},
  pages={2203--2213},
  year={2017}
}

@article{dawid1981some,
  title={Some matrix-variate distribution theory: notational considerations and a {B}ayesian application},
  author={Dawid, A Philip},
  journal={Biometrika},
  volume={68},
  number={1},
  pages={265--274},
  year={1981},
  publisher={Oxford University Press}
}

@inproceedings{wang2017max,
  title={Max-value Entropy Search for Efficient {B}ayesian Optimization},
  author={Wang, Zi and Jegelka, Stefanie},
  booktitle={International Conference on Machine Learning},
  pages={3627--3635},
  year={2017}
}


@article{thompson1933likelihood,
  title={On the likelihood that one unknown probability exceeds another in view of the evidence of two samples},
  author={Thompson, William R},
  journal={Biometrika},
  volume={25},
  number={3/4},
  pages={285--294},
  year={1933},
  publisher={JSTOR}
}

@inproceedings{
    riquelme2018deep,
    title={Deep {B}ayesian Bandits Showdown: An Empirical Comparison of {B}ayesian Deep Networks for Thompson Sampling},
    author={Carlos Riquelme and George Tucker and Jasper Snoek},
    booktitle={International Conference on Learning Representations},
    year={2018}
}

@inproceedings{louizos2017bayesian,
  title={Bayesian compression for deep learning},
  author={Louizos, Christos and Ullrich, Karen and Welling, Max},
  booktitle={Advances in Neural Information Processing Systems},
  pages={3288--3298},
  year={2017}
}

@InProceedings{ghosh2018structured,
    title = 	 {Structured Variational Learning of {B}ayesian Neural Networks with Horseshoe Priors},
    author = 	 {Ghosh, Soumya and Yao, Jiayu and Doshi-Velez, Finale},
    booktitle = 	 {International Conference on Machine Learning},
    pages = 	 {1744--1753},
    year = 	 {2018},
}

@incollection{oksendal2003stochastic,
  title={Stochastic differential equations},
  author={{\O}ksendal, Bernt},
  booktitle={Stochastic differential equations},
  pages={65--84},
  year={2003},
  publisher={Springer}
}

% functional kl

@inproceedings{mallasto2017learning,
	title={Learning from uncertain curves: The 2-Wasserstein metric for {G}aussian processes},
	author={Mallasto, Anton and Feragen, Aasa},
	booktitle={Advances in Neural Information Processing Systems},
	pages={5660--5670},
	year={2017}
}

@book{graybook,
    author={Gray, Robert M.},
    title={Entropy and Infomation Theory},
    year={2011},
    publisher={Springer},
}


@inproceedings{lloyd2014automatic,
  title={Automatic Construction and Natural-Language Description of Nonparametric Regression Models.},
  author={Lloyd, James Robert and Duvenaud, David K and Grosse, Roger B and Tenenbaum, Joshua B and Ghahramani, Zoubin},
  booktitle={AAAI},
  pages={1242--1250},
  year={2014}
}


@inproceedings{hernandez2014predictive,
  title={Predictive entropy search for efficient global optimization of black-box functions},
  author={Hern{\'a}ndez-Lobato, Jos{\'e} Miguel and Hoffman, Matthew W and Ghahramani, Zoubin},
  booktitle={Advances in Neural Information Processing Systems},
  pages={918--926},
  year={2014}
}

@article{depeweg2017uncertainty,
  title={Uncertainty decomposition in {B}ayesian neural networks with latent variables},
  author={Depeweg, Stefan and Hern{\'a}ndez-Lobato, Jos{\'e} Miguel and Doshi-Velez, Finale and Udluft, Steffen},
  journal={arXiv preprint arXiv:1706.08495},
  year={2017}
}

@inproceedings{matthews2016sparse,
    title={On Sparse Variational Methods and the {K}ullback-{L}eibler Divergence between Stochastic Processes},
    author={Matthews, Alexander G de G and Hensman, James and Turner, Richard and Ghahramani, Zoubin},
    booktitle={Artificial Intelligence and Statistics},
    pages={231--239},
    year={2016}
}

@inproceedings{gal2016dropout,
  title={Dropout as a {B}ayesian approximation: Representing model uncertainty in deep learning},
  author={Gal, Yarin and Ghahramani, Zoubin},
  booktitle={International Conference on Machine Learning},
  pages={1050--1059},
  year={2016}
}

@inproceedings{gal2017concrete,
  title={Concrete dropout},
  author={Gal, Yarin and Hron, Jiri and Kendall, Alex},
  booktitle={Advances in Neural Information Processing Systems},
  pages={3581--3590},
  year={2017}
}

@inproceedings{cutajar2016random,
    title={Random Feature Expansions for Deep {G}aussian Processes},
    author={Cutajar, Kurt and Bonilla, Edwin V and Michiardi, Pietro and Filippone, Maurizio},
    booktitle={International Conference on Machine Learning},
    pages={884--893},
    year={2017}
}

@article{krauth2016autogp,
  title={Auto{GP}: Exploring the capabilities and limitations of {G}aussian Process models},
  author={Krauth, Karl and Bonilla, Edwin V and Cutajar, Kurt and Filippone, Maurizio},
  journal={arXiv preprint arXiv:1610.05392},
  year={2016}
}


@inproceedings{cutajar2017random,
  title={Random Feature Expansions for Deep {G}aussian Processes},
  author={Cutajar, Kurt and Bonilla, Edwin V and Michiardi, Pietro and Filippone, Maurizio},
  booktitle={International Conference on Machine Learning},
  pages={884--893},
  year={2017}
}

@inproceedings{salimbeni2017doubly,
  title={Doubly stochastic variational inference for deep {G}aussian processes},
  author={Salimbeni, Hugh and Deisenroth, Marc},
  booktitle={Advances in Neural Information Processing Systems},
  pages={4588--4599},
  year={2017}
}

@book{lamperti2012stochastic,
  title={Stochastic processes: a survey of the mathematical theory},
  author={Lamperti, John},
  volume={23},
  year={2012},
  publisher={Springer Science \& Business Media}
}

@book{folland2013real,
  title={Real analysis: modern techniques and their applications},
  author={Folland, Gerald B},
  year={2013},
  publisher={John Wiley \& Sons}
}

@inproceedings{damianou2013deep,
  title={Deep gaussian processes},
  author={Damianou, Andreas and Lawrence, Neil},
  booktitle={Artificial Intelligence and Statistics},
  pages={207--215},
  year={2013}
}

@article{li2017gradient,
  title={Gradient estimators for implicit models},
  author={Li, Yingzhen and Turner, Richard E},
  journal={arXiv preprint arXiv:1705.07107},
  year={2017}
}

@article{izmailov2017scalable,
  title={Scalable gaussian processes with billions of inducing inputs via tensor train decomposition},
  author={Izmailov, Pavel and Novikov, Alexander and Kropotov, Dmitry},
  journal={arXiv preprint arXiv:1710.07324},
  year={2017}
}

@article{wen2018flipout,
  title={Flipout: Efficient pseudo-independent weight perturbations on mini-batches},
  author={Wen, Yeming and Vicol, Paul and Ba, Jimmy and Tran, Dustin and Grosse, Roger},
  journal={arXiv preprint arXiv:1803.04386},
  year={2018}
}

@article{bae2018eigenvalue,
  title={Eigenvalue Corrected Noisy Natural Gradient},
  author={Bae, Juhan and Zhang, Guodong and Grosse, Roger},
  journal={arXiv preprint arXiv:1811.12565},
  year={2018}
}
@article{eldredge2016analysis,
    title={Analysis and probability on infinite-dimensional spaces},
    author={Eldredge, Nathaniel},
    journal={arXiv preprint arXiv:1607.03591},
    year={2016}
}
@article{russo2016information,
  title={An information-theoretic analysis of thompson sampling},
  author={Russo, Daniel and Van Roy, Benjamin},
  journal={The Journal of Machine Learning Research},
  volume={17},
  number={1},
  pages={2442--2471},
  year={2016},
  publisher={JMLR. org}
}


% deep neural networks as gp

@phdthesis{neal1995bayesian,
  title={Bayesian Learning for Neural Networks},
  author={Neal, Radford M},
  year={1995},
  school={University of Toronto}
}


@inproceedings{
    lee2017deep,
    title={Deep Neural Networks as {G}aussian Processes},
    author={Jaehoon Lee and Jascha Sohl-dickstein and Jeffrey Pennington and Roman Novak and Sam Schoenholz and Yasaman Bahri},
    booktitle={International Conference on Learning Representations},
    year={2018},
}

@article{novak2018bayesian,
  title={Bayesian deep convolutional networks with many channels are gaussian processes},
  author={Novak, Roman and Xiao, Lechao and Bahri, Yasaman and Lee, Jaehoon and Yang, Greg and Hron, Jiri and Abolafia, Daniel A and Pennington, Jeffrey and Sohl-Dickstein, Jascha},
  year={2018}
}

@article{garriga2018deep,
  title={Deep convolutional networks as shallow gaussian processes},
  author={Garriga-Alonso, Adri{\`a} and Aitchison, Laurence and Rasmussen, Carl Edward},
  journal={arXiv preprint arXiv:1808.05587},
  year={2018}
}

@article{lee2019wide,
  title={Wide neural networks of any depth evolve as linear models under gradient descent},
  author={Lee, Jaehoon and Xiao, Lechao and Schoenholz, Samuel S and Bahri, Yasaman and Sohl-Dickstein, Jascha and Pennington, Jeffrey},
  journal={arXiv preprint arXiv:1902.06720},
  year={2019}
}