@inproceedings{bellemare2016unifying,
  title={Unifying count-based exploration and intrinsic motivation},
  author={Bellemare, Marc and Srinivasan, Sriram and Ostrovski, Georg and Schaul, Tom and Saxton, David and Munos, Remi},
  booktitle={Advances in Neural Information Processing Systems},
  pages={1471--1479},
  year={2016}
}

@inproceedings{ostrovski2017count,
  title={Count-based exploration with neural density models},
  author={Ostrovski, Georg and Bellemare, Marc G and van den Oord, A{\"a}ron and Munos, R{\'e}mi},
  booktitle={Proceedings of the 34th International Conference on Machine Learning-Volume 70},
  pages={2721--2730},
  year={2017},
  organization={JMLR. org}
}

@inproceedings{schmidhuber1991possibility,
  title={A possibility for implementing curiosity and boredom in model-building neural controllers},
  author={Schmidhuber, J{\"u}rgen},
  booktitle={Proc. of the international conference on simulation of adaptive behavior: From animals to animats},
  pages={222--227},
  year={1991}
}

@article{stadie2015incentivizing,
  title={Incentivizing exploration in reinforcement learning with deep predictive models},
  author={Stadie, Bradly C and Levine, Sergey and Abbeel, Pieter},
  journal={arXiv preprint arXiv:1507.00814},
  year={2015}
}

@article{achiam2017surprise,
  title={Surprise-based intrinsic motivation for deep reinforcement learning},
  author={Achiam, Joshua and Sastry, Shankar},
  journal={arXiv preprint arXiv:1703.01732},
  year={2017}
}

@inproceedings{pathak2017curiosity,
  title={Curiosity-driven Exploration by Self-supervised Prediction},
  author={Pathak, Deepak and Agrawal, Pulkit and Efros, Alexei A and Darrell, Trevor},
  booktitle={International Conference on Machine Learning},
  pages={2778--2787},
  year={2017}
}

@article{burda2018large,
  title={Large-scale study of curiosity-driven learning},
  author={Burda, Yuri and Edwards, Harri and Pathak, Deepak and Storkey, Amos and Darrell, Trevor and Efros, Alexei A},
  journal={arXiv preprint arXiv:1808.04355},
  year={2018}
}

@inproceedings{haber2018learning,
  title={Learning to play with intrinsically-motivated, self-aware agents},
  author={Haber, Nick and Mrowca, Damian and Wang, Stephanie and Fei-Fei, Li F and Yamins, Daniel L},
  booktitle={Advances in Neural Information Processing Systems},
  pages={8388--8399},
  year={2018}
}

@article{denil2016learning,
  title={Learning to perform physics experiments via deep reinforcement learning},
  author={Denil, Misha and Agrawal, Pulkit and Kulkarni, Tejas D and Erez, Tom and Battaglia, Peter and de Freitas, Nando},
  journal={arXiv preprint arXiv:1611.01843},
  year={2016}
}

@article{choshen2018dora,
  title={Dora the explorer: Directed outreaching reinforcement action-selection},
  author={Choshen, Leshem and Fox, Lior and Loewenstein, Yonatan},
  journal={arXiv preprint arXiv:1804.04012},
  year={2018}
}

@article{burda2018exploration,
  title={Exploration by random network distillation},
  author={Burda, Yuri and Edwards, Harrison and Storkey, Amos and Klimov, Oleg},
  journal={arXiv preprint arXiv:1810.12894},
  year={2018}
}

@article{mnih2013playing,
  title={Playing atari with deep reinforcement learning},
  author={Mnih, Volodymyr and Kavukcuoglu, Koray and Silver, David and Graves, Alex and Antonoglou, Ioannis and Wierstra, Daan and Riedmiller, Martin},
  journal={arXiv preprint arXiv:1312.5602},
  year={2013}
}


@article{mnih2015human,
  title={Human-level control through deep reinforcement learning},
  author={Mnih, Volodymyr and Kavukcuoglu, Koray and Silver, David and Rusu, Andrei A and Veness, Joel and Bellemare, Marc G and Graves, Alex and Riedmiller, Martin and Fidjeland, Andreas K and Ostrovski, Georg and others},
  journal={Nature},
  volume={518},
  number={7540},
  pages={529},
  year={2015},
  publisher={Nature Publishing Group}
}

@inproceedings{houthooft2016vime,
  title={Vime: Variational information maximizing exploration},
  author={Houthooft, Rein and Chen, Xi and Duan, Yan and Schulman, John and De Turck, Filip and Abbeel, Pieter},
  booktitle={Advances in Neural Information Processing Systems},
  pages={1109--1117},
  year={2016}
}