

%%%%%%%%%% %%%%%%%%%% %%%%%%%%%% %%%%%%%%%% %%%%%%%%%% %%%%%%%%%% %%%%%%%%%% %%%%%%%%%% %%%%%%%%%% 
%%%%%%%%%% %%%%%%%%%% %%%%%%%%%% %%%%%%%%%% %%%%%%%%%% %%%%%%%%%% %%%%%%%%%% %%%%%%%%%% %%%%%%%%%% 
% variational inference 

@article{kingma2013auto,
  title={Auto-encoding variational {B}ayes},
  author={Kingma, Diederik P and Welling, Max},
  journal={arXiv preprint arXiv:1312.6114},
  year={2013}
}

@inproceedings{roeder2017sticking,
    title={Sticking the landing: Simple, lower-variance gradient estimators for variational inference},
    author={Roeder, Geoffrey and Wu, Yuhuai and Duvenaud, David K},
    booktitle={Advances in Neural Information Processing Systems},
    pages={6925--6934},
    year={2017}
}

@inproceedings{
    shi2017kernel,
    title={Kernel Implicit Variational Inference},
    author={Jiaxin Shi and Shengyang Sun and Jun Zhu},
    booktitle={International Conference on Learning Representations},
    year={2018}
}

@article{wan2020f,
  title={f-Divergence Variational Inference},
  author={Wan, Neng and Li, Dapeng and Hovakimyan, Naira},
  journal={Advances in Neural Information Processing Systems},
  volume={33},
  year={2020}
}


@inproceedings{mescheder2017adversarial,
  title={Adversarial Variational Bayes: Unifying Variational Autoencoders and Generative Adversarial Networks},
  author={Mescheder, Lars and Nowozin, S and Geiger, Andreas},
  booktitle={International Conference on Machine Learning},
  pages={2391--2400},
  year={2017},
  organization={PMLR}
}

@article{huszar2017variational,
  title={Variational inference using implicit distributions},
  author={Husz{\'a}r, Ferenc},
  journal={arXiv preprint arXiv:1702.08235},
  year={2017}
}

@article{shi2018spectral,
	title={A Spectral Approach to Gradient Estimation for Implicit Distributions},
	author={Shi, Jiaxin and Sun, Shengyang and Zhu, Jun},
	journal={International Conference on Machine Learning},
	year={2018}
}

@inproceedings{liu2016kernelized,
	title={A kernelized {S}tein discrepancy for goodness-of-fit tests},
	author={Liu, Qiang and Lee, Jason and Jordan, Michael},
	booktitle={International Conference on Machine Learning},
	pages={276--284},
	year={2016}
}


@article{li2017gradient,
  title={Gradient estimators for implicit models},
  author={Li, Yingzhen and Turner, Richard E},
  journal={arXiv preprint arXiv:1705.07107},
  year={2017}
}

@inproceedings{krishnan2017structured,
  title={Structured inference networks for nonlinear state space models},
  author={Krishnan, Rahul G and Shalit, Uri and Sontag, David},
  booktitle={Thirty-first aaai conference on artificial intelligence},
  year={2017}
}

@inproceedings{dieng2017variational,
  title={Variational Inference via chi Upper Bound Minimization},
  author={Dieng, Adji Bousso and Tran, Dustin and Ranganath, Rajesh and Paisley, John and Blei, David},
  booktitle={Advances in Neural Information Processing Systems},
  pages={2732--2741},
  year={2017}
}

@inproceedings{sohn2015learning,
  title={Learning structured output representation using deep conditional generative models},
  author={Sohn, Kihyuk and Lee, Honglak and Yan, Xinchen},
  booktitle={Advances in neural information processing systems},
  pages={3483--3491},
  year={2015}
}