
@inproceedings{kelner2009faster,
  title={Faster generation of random spanning trees},
  author={Kelner, Jonathan A and Madry, Aleksander},
  booktitle={2009 50th Annual IEEE Symposium on Foundations of Computer Science},
  pages={13--21},
  year={2009},
  organization={IEEE}
}

@inproceedings{broder1989generating,
  title={Generating random spanning trees},
  author={Broder, Andrei Z},
  booktitle={FOCS},
  volume={89},
  pages={442--447},
  year={1989}
}

@inproceedings{aleliunas1979random,
  title={Random walks, universal traversal sequences, and the complexity of maze problems},
  author={Aleliunas, Romas and Karp, Richard M and Lipton, Richard J and Lov{\'a}sz, L{\'a}szl{\'o} and Rackoff, Charles},
  booktitle={20th Annual Symposium on Foundations of Computer Science (sfcs 1979)},
  pages={218--223},
  year={1979},
  organization={IEEE Computer Society}
}

@article{aldous1990random,
  title={The random walk construction of uniform spanning trees and uniform labelled trees},
  author={Aldous, David J},
  journal={SIAM Journal on Discrete Mathematics},
  volume={3},
  number={4},
  pages={450--465},
  year={1990},
  publisher={SIAM}
}

@inproceedings{broder1989generating,
  title={Generating random spanning trees},
  author={Broder, Andrei Z},
  booktitle={FOCS},
  volume={89},
  pages={442--447},
  year={1989}
}

@article{lovasz1993random,
  title={Random walks on graphs},
  author={Lov{\'a}sz, L{\'a}szl{\'o}},
  journal={Combinatorics, Paul erdos is eighty},
  volume={2},
  number={1-46},
  pages={4},
  year={1993}
}

@article{spielman2014nearly,
  title={Nearly linear time algorithms for preconditioning and solving symmetric, diagonally dominant linear systems},
  author={Spielman, Daniel A and Teng, Shang-Hua},
  journal={SIAM Journal on Matrix Analysis and Applications},
  volume={35},
  number={3},
  pages={835--885},
  year={2014},
  publisher={SIAM}
}

@inproceedings{aleliunas1979random,
  title={Random walks, universal traversal sequences, and the complexity of maze problems},
  author={Aleliunas, Romas and Karp, Richard M and Lipton, Richard J and Lov{\'a}sz, L{\'a}szl{\'o} and Rackoff, Charles},
  booktitle={20th Annual Symposium on Foundations of Computer Science (sfcs 1979)},
  pages={218--223},
  year={1979},
  organization={IEEE Computer Society}
}