@inproceedings{cohen2015lp,
  title={$\ell_p$ row sampling by lewis weights},
  author={Cohen, Michael B and Peng, Richard},
  booktitle={Proceedings of the forty-seventh annual ACM symposium on Theory of computing},
  pages={183--192},
  year={2015}
}
@inproceedings{fazel2022computing,
  title={Computing Lewis Weights to High Precision},
  author={Fazel, Maryam and Lee, Yin Tat and Padmanabhan, Swati and Sidford, Aaron},
  booktitle={Proceedings of the 2022 Annual ACM-SIAM Symposium on Discrete Algorithms (SODA)},
  pages={2723--2742},
  year={2022},
  organization={SIAM}
}
@book{wojtaszczyk1996banach,
  title={Banach spaces for analysts},
  author={Wojtaszczyk, Przemyslaw},
  year={1996},
  publisher={Cambridge University Press}
}
@article{schechtman2001embedding,
  title={Embedding Subspaces of $L_p$ into $\ell_p^N$, $0 < p < 1$},
  author={Schechtman, Gideon and Zvavitch, Artem},
  journal={Mathematische Nachrichten},
  volume={227},
  number={1},
  pages={133--142},
  year={2001},
  publisher={Wiley Online Library}
}
@article{lewis1978finite,
  title="{Finite dimensional subspaces of $L_p$}",
  author={Lewis, D},
  journal={Studia Mathematica},
  volume={63},
  number={2},
  pages={207--212},
  year={1978}
}
@techreport{van2014probability,
  title={Probability in high dimension},
  author={Van Handel, Ramon},
  year={2014},
  institution={Princeton University}
}
@article{bourgain1989approximation,
  title={Approximation of zonoids by zonotopes},
  author={Bourgain, Jean and Lindenstrauss, Joram and Milman, Vitali},
  journal={Acta mathematica},
  volume={162},
  pages={73--141},
  year={1989},
  publisher={Institut Mittag-Leffler}
}
@article{talagrand1990embedding,
  title="{Embedding subspaces of $L_1$ into $\ell_1^N$}",
  author={Talagrand, Michel},
  journal={Proceedings of the American Mathematical Society},
  volume={108},
  number={2},
  pages={363--369},
  year={1990}
}
@incollection{talagrand1995embedding,
  title="{Embedding Subspaces of $L_p$ in $\ell_p^N$}",
  author={Talagrand, Michel},
  booktitle={Geometric aspects of functional analysis},
  pages={311--326},
  year={1995},
  publisher={Springer}
}