@misc{jure,
  title={Spectral Clustering},
  author={Jure Leskovec},
  url={http://snap.stanford.edu/class/cs224w-2019/slides/05-spectral.pdf}
}

@inproceedings{mihail1989conductance,
  title={Conductance and convergence of markov chains-a combinatorial treatment of expanders},
  author={Mihail, Milena},
  booktitle={FOCS},
  volume={89},
  pages={526--531},
  year={1989}
}

@misc{HCV52,
  doi = {10.48550/ARXIV.1804.03055},
  
  url = {https://arxiv.org/abs/1804.03055},
  
  author = {Conway, John H. and Doyle, Peter G. and Gilman, Jane and Thurston, William P.},
  
  keywords = {Differential Geometry (math.DG), Geometric Topology (math.GT), FOS: Mathematics, FOS: Mathematics},
  
  title = {Geometry and the Imagination in Minneapolis},
  
  publisher = {arXiv},
  
  year = {2018},
  
  copyright = {Creative Commons Zero v1.0 Universal}
}
