@article{sorkine2005laplacian,
  title={Laplacian mesh processing},
  author={Sorkine, Olga},
  journal={Eurographics (State of the Art Reports)},
  volume={4},
  pages={4},
  year={2005}
}

@incollection{levy2010spectral,
  title={Spectral mesh processing},
  author={L{\'e}vy, Bruno and Zhang, Hao},
  booktitle={ACM SIGGRAPH 2010 Courses},
  pages={1--312},
  year={2010}
}

@article{liu2019spectral,
  title={Spectral coarsening of geometric operators},
  author={Liu, Hsueh-Ti Derek and Jacobson, Alec and Ovsjanikov, Maks},
  journal={arXiv preprint arXiv:1905.05161},
  year={2019}
}

@inproceedings{kyng2016approximate,
  title={Approximate gaussian elimination for laplacians-fast, sparse, and simple},
  author={Kyng, Rasmus and Sachdeva, Sushant},
  booktitle={2016 IEEE 57th Annual Symposium on Foundations of Computer Science (FOCS)},
  pages={573--582},
  year={2016},
  organization={IEEE}
}

@inproceedings{lescoat2020spectral,
  title={Spectral mesh simplification},
  author={Lescoat, Thibault and Liu, Hsueh-Ti Derek and Thiery, Jean-Marc and Jacobson, Alec and Boubekeur, Tamy and Ovsjanikov, Maks},
  booktitle={Computer Graphics Forum},
  volume={39},
  number={2},
  pages={315--324},
  year={2020},
  organization={Wiley Online Library}
}

@inproceedings{garland1997surface,
  title={Surface simplification using quadric error metrics},
  author={Garland, Michael and Heckbert, Paul S},
  booktitle={Proceedings of the 24th annual conference on Computer graphics and interactive techniques},
  pages={209--216},
  year={1997}
}

@inproceedings{taubin1995curve,
  title={Curve and surface smoothing without shrinkage},
  author={Taubin, Gabriel},
  booktitle={Proceedings of IEEE international conference on computer vision},
  pages={852--857},
  year={1995},
  organization={IEEE}
}

@inproceedings{sorkine2004least,
  title={Least-squares meshes},
  author={Sorkine, Olga and Cohen-Or, Daniel},
  booktitle={Proceedings Shape Modeling Applications, 2004.},
  pages={191--199},
  year={2004},
  organization={IEEE}
}

@article{ovsjanikov2012functional,
  title={Functional maps: a flexible representation of maps between shapes},
  author={Ovsjanikov, Maks and Ben-Chen, Mirela and Solomon, Justin and Butscher, Adrian and Guibas, Leonidas},
  journal={ACM Transactions on Graphics (ToG)},
  volume={31},
  number={4},
  pages={1--11},
  year={2012},
  publisher={ACM New York, NY, USA}
}

