% @string{proc16 = "Proc.\ 16th "}
% @string{stacs = "Symposium on Theoretical Aspects of Computer
% Science"}
% @string{proc43 = "Proc.\ 43rd "}
% @string{stoc = "Annual ACM Symposium on the Theory of Computing"}
% @string(ICALP={ICALP})
% @string(FOCS={FOCS})

@inproceedings{DualCobra,
author = {Cooper, Colin and Radzik, Tomasz and Rivera, Nicolas},
title = {The Coalescing-Branching Random Walk on Expanders and the Dual Epidemic Process},
year = {2016},
publisher = {Association for Computing Machinery},
address = {New York, NY, USA},
booktitle = {Proceedings of the 2016 ACM Symposium on Principles of Distributed Computing},
pages = {461â€“467},
numpages = {7},
keywords = {cover time, random processes on graphs, epidemic processes},
location = {Chicago, Illinois, USA},
series = {PODC '16}
}

@article{Aldous1989LowerBF,
  title={Lower bounds for covering times for reversible Markov chains and random walks on graphs},
  author={David J. Aldous},
  journal={Journal of Theoretical Probability},
  year={1989},
  volume={2},
  pages={91-100}
}

@article{Broder1988BoundsOT,
  title={Bounds on the cover time},
  author={Andrei Z. Broder and Anna R. Karlin},
  journal={Journal of Theoretical Probability},
  year={1988},
  volume={2},
  pages={101-120}
}

@inproceedings{Dutta2013Cobra,
author = {Dutta, Chinmoy and Pandurangan, Gopal and Rajaraman, Rajmohan and Roche, Scott},
title = {Coalescing-Branching Random Walks on Graphs},
booktitle = {Proceedings of the Twenty-Fifth Annual ACM Symposium on Parallelism in Algorithms and Architectures (SPAA 2013)},
keywords = {information spreading, epidemic processes, random walks, cover time, networks},
location = {Montr\'{e}al, Qu\'{e}bec, Canada},
year={2013}
}